2872 4980
212 238 272 301 eoo
565 232 602 297 P.
624 233 809 299 veneni
827 180 1026 301 nunonis

211 400 319 465 Ausus
340 398 418 483 quin
439 399 537 473 stiam
556 421 653 463 voces
673 399 797 464 iactare
818 422 879 488 per
899 400 1048 466 umbram

210 479 339 565 Inplevi
361 479 503 546 clamore
523 482 595 545 vias
614 492 820 568 maestusque
842 484 999 550 Creusam

210 562 414 650 Nequiquam
435 564 638 649 ingeminans
659 567 776 630 iterum
799 588 839 629 ue
860 569 1040 656 iterumque
1061 570 1191 634 vocavi.
1332 581 1378 630 '1⁷0

212 643 389 724 Quaerenti
410 656 442 709 et
460 648 554 711 tectis
576 647 667 712 urbis
691 649 760 712 sine
827 672 844 713 e
866 651 984 714 furenti
1317 664 1318 667 ’

209 727 328 791 Infelix
350 728 557 794 simulacrum
579 739 676 818 atque
697 732 801 817 ipsius
822 730 940 796 umbra
963 732 1107 799 Creusae

210 809 293 878 Visa
314 809 394 876 mihi
415 822 490 880 ante
511 812 620 881 oculos
641 823 673 881 et
694 824 772 879 uota
792 816 896 882 maior
915 817 1035 909 imago.

380 989 421 997 --α

211 1087 301 1142 Sensit
318 1087 368 1141 hoc
386 1086 516 1141 excellens
533 1089 642 1157 petta.¹‘
676 1088 746 1142 Hinc
764 1086 846 1142 edam
864 1086 908 1140 hic
926 1101 1020 1140 versus
1036 1086 1214 1156 imperfectus
1228 1089 1378 1143 iteraturiu

211 1154 297 1210 Auth.
320 1155 381 1209 Lat.
407 1154 462 1218 III,
481 1158 526 1216 81,
552 1159 592 1210 39.
627 1156 669 1209 Cf.
688 1155 771 1210 etiam
788 1154 915 1234 scaligeri
932 1154 1008 1208 Post.
1026 1154 1084 1217 III,
1106 1159 1146 1209 11.
1166 1157 1335 1210 verissimum
1350 1155 1379 1209 de

212 1223 261 1277 hoc
275 1223 332 1276 loco
344 1222 491 1275 miserabili
504 1223 660 1292 animosque
692 1223 773 1277 erfrin
794 1225 855 1277 ente
866 1221 994 1275 rudicium
1008 1222 1202 1291 aConingtoue
1211 1223 1378 1292 adscriptum.

211 1322 244 1330 κ-
267 1288 333 1351 768.
356 1290 615 1360 voceaiuctpre.
650 1239 691 1344 Cl
710 1290 765 1344 Ecl.
814 1289 1167 1352 ,62.11,5.etnsn.1.
1195 1294 1252 1345 lot.
1275 1308 1380 1361 -psr

210 1360 365 1412 ambrum.
384 1356 468 1410 Codd.
489 1357 598 1427 quidam
636 1375 666 1411 cr
682 1358 810 1427 umbras;
837 1357 884 1411 sed
902 1357 948 1410 ubi
968 1357 1065 1411 umbra
1084 1356 1157 1410 idem
1176 1363 1221 1412 est
1256 1358 1308 1413 uod
1326 1375 1378 1412 nor.

210 1429 356 1479 nocturnae
375 1425 511 1485 tenebrae.
532 1375 666 1494 Vergissus
687 1425 823 1493 Singulari
840 1425 882 1477 uti
901 1423 977 1478 solet.
996 1423 1162 1503 Ciudnott.
1181 1426 1218 1480 ad
1235 1377 1292 1480 del.
1312 1426 1379 1486 Vlll,

212 1497 251 1547 14.
269 1494 297 1546 et
314 1492 408 1560 Wagn.
431 1491 479 1556 Qu.
498 1491 575 1560 Virg.
595 1493 642 1546 IX.
655 1511 681 1561 p.
696 1497 753 1547 413.
772 1493 864 1546 Heius.
878 1494 977 1545 temere
995 1507 1063 1545 com.
1079 1496 1255 1562 perturbem.
1274 1526 1307 1535 —
1322 1493 1379 1553 tlt.

211 1560 437 1627 inpomiuaus.
460 1558 520 1612 Vid.
539 1559 613 1623 adl,
635 1565 691 1613 747.
717 1589 749 1597 ψ
773 1558 835 1618 771.
864 1559 938 1624 Quae
956 1558 1079 1627 sequitur
1096 1559 1219 1615 narratio
1237 1561 1379 1615 necessaria

211 1630 282 1688 erat,
305 1631 337 1679 ut
360 1627 477 1690 Aeneas,
503 1642 603 1680 norum
627 1627 826 1680 matrimonium
859 1643 919 1679 cum
942 1625 1054 1679 lavinia
1078 1628 1178 1687 iniens.
1208 1629 1281 1682 omni
1308 1629 1380 1696 culpa

210 1697 334 1757 vacaret;
353 1694 400 1748 sed
419 1698 510 1747 tamen
527 1695 621 1762 negari
639 1695 740 1763 nequit,
759 1694 809 1748 hoc
826 1695 940 1748 Creusae
958 1692 1109 1758 oraculum,
1136 1696 1209 1764 quod
1234 1698 1291 1817 ipse
1308 1700 1380 1765 poeta

211 1763 238 1815 in
264 1761 437 1829 sequentibus
458 1777 510 1814 uon
535 1767 628 1823 curat,
658 1762 838 1816 contradicere
865 1761 1060 1830 quodammodo
1079 1762 1131 1825 iis,
1150 1779 1221 1831 quae
1255 1765 1311 1818 'bro
1336 1762 1380 1817 nt

210 1828 351 1897 leguntur,
382 1829 429 1880 ubi
450 1845 476 1880 r.
496 1832 519 1880 ἵ.
546 1829 653 1883 Troiani
670 1829 931 1883 etiamnumiucerti
948 1831 1023 1907 sunt,
1043 1845 1095 1948 quo
1119 1830 1179 1884 fata
1197 1832 1270 1950 ipsos
1289 1831 1379 1887 ierant,

211 1899 239 1950 et
257 1896 370 1950 Thracia
391 1895 485 1950 relicta
503 1897 653 1964 Apollinem
680 1896 713 1950 de
730 1895 781 1951 hac
794 1914 822 1950 se
839 1895 988 1949 consulturi
1005 1895 1102 1949 Deum
1121 1902 1207 1966 petun
1243 1902 1286 1964 (69
1308 1900 1380 1967 sqql,

212 1968 272 2019 tum
294 1963 351 2017 eius
369 1963 475 2016 oraculo
493 1964 563 2017 male
581 1964 718 2017 intellecto
736 1965 763 2017 iu
781 1965 867 2030 Creta
879 1962 1022 2016 considunt
1043 1967 1072 2017 et
1094 1965 1208 2019 tandem
1239 1971 1298 2031 (147
1316 1968 1380 2034 sqq-l

211 2049 228 2084 a
245 2030 393 2084 Penatibus
415 2030 575 2093 edocentur,
599 2031 707 2085 Italiam
725 2031 776 2084 sibi
795 2048 852 2085 esse
869 2031 959 2084 sedem
978 2030 1110 2085 futuram.
1146 2032 1236 2097 Quare
1253 2033 1298 2086 hic
1314 2033 1381 2086 locus

212 2100 326 2151 fortasse
351 2098 422 2151 inter
445 2114 488 2151 eos
512 2099 679 2160 referendus,
708 2114 774 2167 quos
798 2098 956 2152 correxisset
978 2098 1127 2166 Vergilius,
1158 2102 1181 2153 si
1207 2100 1258 2153 hoe
1280 2116 1379 2153 carmen

229 2181 319 2217 torsus
347 2165 484 2218 absolvere
513 2167 536 2218 ei
559 2164 689 2218 licuisset.
725 2165 778 2233 (Cf.
804 2166 886 2219 etiam
908 2165 1029 2218 Conrads
1057 2183 1084 2234 p.
1107 2166 1171 2221 VII.
1204 2171 1232 2222 et
1263 2167 1379 2221 Ribbeck.

209 2183 316 2299 lroleg.
340 2249 365 2300 p.
392 2234 447 2295 69„
470 2232 516 2300 qui
539 2232 610 2286 bunc
631 2233 731 2286 librum
750 2235 811 2302 post
828 2232 939 2287 tertium
957 2232 1008 2284 scri
1027 2235 1088 2285 tum
1113 2251 1200 2303 neque
1223 2237 1257 2289 ab
1280 2239 1379 2290 auctore

210 2298 365 2377 absolutum
389 2314 447 2352 esse
474 2300 642 2369 suspicatur,
673 2301 718 2369 qui
743 2303 829 2354 morte
846 2299 992 2368 impeditus
1010 2248 1107 2360 inerit,
1127 2303 1275 2380 quominus
1293 2302 1380 2355 borum

211 2381 329 2418 smmum
351 2371 508 2420 concentum
534 2368 671 2432 efficeret.)
705 2368 766 2421 Non
792 2371 883 2422 tamen
906 2383 1015 2435 prorsus
1033 2366 1173 2423 adsentior
1191 2369 1334 2424 Cossravio
1350 2367 1379 2422 ad

210 2451 234 2486 v.
259 2435 316 2486 789.
339 2433 525 2494 contendenti,
551 2436 669 2502 potuisse
693 2435 800 2503 quidem
823 2436 950 2488 Creusam
970 2434 1067 2497 locum,
1087 2437 1133 2488 ubi
1157 2437 1278 2491 alterum
1296 2436 1379 2491 matri·

209 2500 327 2553 monium
344 2500 460 2554 Aeneam
482 2505 627 2570 exspectet,
645 2506 717 2556 tecte
734 2502 899 2571 significare,
918 2500 964 2555 sed
982 2518 1034 2554 nou
1055 2500 1181 2557 debuisse
1208 2510 1267 2558 tam
1285 2509 1379 2558 certum

209 2567 339 2631 indicare,
363 2571 396 2621 ut
414 2569 500 2623 omnis
522 2569 581 2623 viae
599 2586 672 2624 error
690 2569 839 2624 tolleretur.
867 2568 937 2634 Quid
955 2569 1025 2622 enim
1050 2570 1117 2624 tacit
1135 2572 1262 2625 Creusa?
1286 2581 1379 2624 terras

208 2636 372 2705 Hesperiam
391 2636 519 2698 nominat,
538 2637 556 2688 i.
575 2654 597 2690 e.
616 2640 717 2691 terram
734 2637 853 2706 aliquam
872 2635 1063 2690 occidentalem
1086 2639 1133 2699 lei.
1153 2640 1287 2694 Niebuhr.
1308 2640 1377 2693 Ro'm

209 2703 305 2757 (leuch.
323 2703 343 2757 I.
361 2720 386 2771 p.
405 2706 468 2771 ia),
487 2720 539 2755 nou
558 2704 671 2758 laelium
689 2705 770 2772 tquod
808 2706 870 2758 robe
889 2703 1046 2765 tenendum
1067 2705 1166 2759 Italiae
1190 2706 1264 2760 euim
1289 2723 1376 2760 nomeu

209 2771 344 2836 situmque
371 2771 491 2823 Troianis
515 2773 571 2824 tam
594 2772 760 2850 incognitum
786 2722 882 2837 inisse,
900 2788 917 2824 a
933 2771 1059 2824 Romanis
1081 2774 1137 2825 suis
1160 2775 1204 2827 vix
1221 2775 1379 2843 postulasset

208 2842 301 2906 poeta,
321 2840 352 2890 ut
375 2838 525 2901 crederent)
543 2841 570 2891 et
590 2840 708 2907 [sydrum
728 2840 874 2907 Thybrim,-
901 2839 1004 2891 l'iberis
1026 2843 1118 2892 autem
1138 2857 1250 2905 nomen,
1271 2840 1379 2895 fluminis

209 2921 261 2957 uon
286 2905 431 2959 admodum
456 2906 545 2971 magni
577 2910 604 2959 et
635 2909 697 2960 ante
719 2907 832 2960 Romam
860 2906 994 2959 conditam
1017 2907 1073 2959 iere
1097 2907 1243 2976 incogniti,
1267 2908 1379 2962 nonnis

211 2973 332 3041 ignotum
349 2973 441 3036 fuisse,
461 2989 513 3024 non
532 2976 573 3026 est
591 2973 695 3027 mirum.
731 2974 818 3039 Quare
837 2974 918 3027 etiarn
955 2976 998 3025 ost
1020 2972 1136 3027 Creusae
1160 2978 1317 3030 vaticinium
1335 2977 1379 3028 Ae

208 3057 272 3094 neas
290 3042 411 3094 incertus
429 3055 487 3093 esse
505 3040 606 3107 potuit,
634 3041 680 3094 ubi
699 3042 858 3110 Hesperiam
879 3044 906 3093 et
925 2990 1052 3109 'lbybrim
1071 3046 1223 3109 quaereret.
1244 3044 1379 3098 Penatium

210 3108 280 3161 enim
298 3108 463 3169 vaticinium,
483 3124 535 3175 quo
553 3107 586 3161 de
604 3108 685 3161 Italia
708 3109 832 3168 docetur,
851 3110 954 3161 Aeneas
980 3108 1100 3161 ordinem
1122 3112 1256 3179 temporis
1278 3127 1379 3165 servans

208 3175 252 3228 hic
279 3175 398 3254 nondum
427 3177 518 3243 potest
541 3175 682 3255 respicere,
709 3192 791 3255 quare
814 3176 895 3255 etiam
913 3174 1007 3253 Hionci
1024 3177 1106 3254 verba
1123 3176 1152 3236 Ι,
1174 3182 1224 3232 530
1243 3176 1379 3299 ”Uibi

209 3241 1379 3380 tttldtffllpttttlta‚‘1⁶1⁶5?'ildns?ttrdbtt¹¹⁰tt¹tudd¹tmt

211 3376 321 3430 indicat.
357 3376 416 3429 Vid.
436 3376 501 3429 Aen.
520 3375 542 3437 Ι,
562 3380 619 3430 279.
639 3375 855 3440 Ovid.b1et.11,
875 3381 932 3430 387.
952 3380 1008 3430 502.
1030 3377 1076 3441 IV,
1096 3381 1154 3432 334.
1174 3379 1238 3440 XII,
1259 3385 1316 3434 316.
1333 3382 1379 3432 cte.

209 3473 240 3481 -
259 3445 407 3510 furenti.
440 3443 547 3496 Furere
568 3443 703 3497 interdum
724 3446 743 3498 i.
766 3462 791 3514 q.
819 3443 994 3498 furibuudum
1017 3447 1117 3512 vagari.
1155 3447 1217 3501 Vid.
1247 3448 1318 3501 infra
1336 3445 1378 3503 lv.

210 3513 250 3563 42.
273 3509 398 3564 Ribbeck.
428 3526 459 3563 er
477 3509 548 3571 Pal,
568 3510 638 3565 (iud.
660 3528 730 3565 am.
750 3529 791 3581 pr.
818 3515 846 3566 et
863 3512 941 3565 Beru.
959 3510 1010 3564 ΠΙ.
1038 3514 1140 3580 recepit
1158 3512 1303 3570 lectionem
1319 3513 1380 3567 satis

210 3576 257 3630 lan
297 3576 368 3630 'dam
389 3578 487 3630 retenti.
512 3608 543 3616 —
568 3575 631 3636 772.
655 3578 884 3641 simulacrum,
905 3578 1030 3633 εἴδωλον.
1065 3579 1124 3633 Vid.
1146 3580 1182 3634 ad
1201 3582 1268 3636 Ceo.
1286 3583 1308 3643 Ι,
1327 3585 1380 3635 tit.

209 3647 237 3697 et
304 3648 388 3704 ,tin
412 3675 439 3682 -
468 3645 601 3714 Infelix
623 3645 843 3701 simulacrum
868 3652 945 3715 (quae
967 3647 1049 3700 rerba
1071 3651 1236 3717 repetuntur
1259 3651 1288 3703 in
1305 3648 1381 3703 Autlt.

210 3711 269 3764 Lat.
295 3711 321 3772 Ι,
351 3715 411 3775 178,
435 3714 503 3773 391.)
526 3713 542 3766 i.
562 3730 583 3766 s.
607 3712 749 3768 infeliciter
770 3714 885 3768 amissae
909 3714 1038 3777 Creusae,
1062 3731 1125 3768 nam
1146 3715 1251 3771 Creusa
1269 3716 1380 3786 ipsa.in

210 3778 322 3846 Cybeles
341 3778 428 3832 tutela
445 3795 555 3833 versans
575 3787 610 3838 (v.
630 3784 698 3845 788.)
717 3781 835 3851 adeoque
853 3782 880 3835 iu
900 3780 1017 3850 ipsorum
1036 3782 1148 3836 deorum
1159 3787 1268 3838 coetum
1281 3785 1382 3852 recepta

219 3846 272 3899 vid.
301 3846 407 3899 aduott.
437 3846 471 3899 ad
497 3863 523 3898 v.
558 3849 646 3912 788),
676 3849 769 3902 infelix
800 3849 851 3902 dici
883 3864 936 3901 nou
969 3852 1069 3916 potest.
1115 3851 1265 3905 Heroinam
1296 3854 1382 3905 autem

207 3858 307 3993 laetam
330 3930 387 3967 esse
397 3915 500 3993 Aeneae
514 3914 662 4000 coniugem,
672 3917 754 3970 etiam
771 3932 899 4037 apparere
916 3913 1023 3994 ridetur
1039 3933 1070 3971 ex
1089 3919 1180 3972 verbis
1197 3927 1228 3998 ct·
1241 3927 1314 3999 uota¹
1325 3920 1351 3983 ri.
1361 3934 1382 3970 a.

209 3981 1382 4130 stitt⁰ttn⁶tbtstf·.l,tltliderldtttsbdtadeturbet

209 4117 288 4185 longe
313 4131 439 4184 superare
464 4119 567 4169 veteres
589 4116 733 4182 finierunt,
757 4134 795 4171 sic
815 4121 896 4171 etiam
915 4116 1019 4177 heroes,
1045 4137 1064 4172 s.
1083 4118 1207 4173 homines
1232 4121 1260 4174 in
1279 4121 1383 4174 deorum

209 4185 348 4236 numeru‘m
373 4183 485 4252 recepti,
504 4182 692 4263 interdumque
713 4185 780 4239 adeo
797 4185 890 4238 Manes
907 4184 1062 4268 bominibus
1083 4187 1198 4242 maiores
1218 4191 1246 4242 et
1265 4189 1383 4243 celsiores

208 4254 362 4380 tulisti.
381 4250 1283 4398 defluat·dtlnltsfflfsstttll'dtttffltll,
1296 4256 1382 4383 bit:

209 4385 336 4439 Ceterum
354 4386 386 4439 de
404 4386 455 4440 hac
474 4386 589 4440 Creusae
608 4389 679 4441 sorte
700 4387 752 4440 vid.
771 4388 867 4455 Heynu
886 4387 994 4440 Excurs.
1012 4387 1084 4443 XIV.
1103 4390 1137 4443 ad
1156 4389 1184 4444 b.
1201 4391 1220 4444 l.
1240 4409 1254 4445 e
1271 4391 1381 4444 Pausau,

207 4453 240 4518 X,
260 4457 298 4506 26.
319 4454 403 4521 Heyn.
424 4470 501 4522 porro
519 4453 643 4515 adnotat,
663 4454 734 4508 bunc
750 4454 840 4508 locum
857 4454 1008 4509 imitatione
1030 4457 1192 4525 expressisse
1210 4458 1271 4513 Val.
1285 4459 1325 4513 Fl.
1338 4455 1381 4513 w,

212 4524 242 4573 18
262 4538 318 4588 sqq.
337 4520 441 4574 Peerlk.
460 4528 599 4590 comparat
618 4522 713 4576 Claud.
732 4522 778 4576 Vl.
796 4522 874 4575 Cous
893 4521 962 4577 Heu.
976 4526 1034 4576 530.
1056 4534 1123 4579 notu
1140 4527 1234 4579 maun
1249 4545 1278 4580 aa
1297 4526 1380 4578 noma

207 4588 353 4640 viduum
378 4588 482 4640 obtulit.
512 4589 587 4642 Adde
605 4589 686 4642 nuth.
705 4589 764 4643 Lat.
783 4588 835 4655 IV,
857 4592 901 4650 13,
921 4593 961 4643 12.
986 4593 1078 4645 ntuior
1099 4601 1161 4645 crat
1176 4602 1245 4648 nota
1261 4593 1381 4663 serpent

205 4654 300 4725 effipia
318 4657 346 4708 et
362 4654 410 4718 VI,
429 4658 470 4718 et,
490 4658 529 4709 33.
549 4657 588 4720 tin
604 4660 715 4712 centone
732 4657 825 4728 Verg.)
844 4665 869 4710 st
884 4665 951 4712 stote
968 4659 1061 4714 maior
1075 4660 1177 4730 rumpo.
1195 4693 1230 4702 —
1249 4660 1378 4729 wasco
