2874 4972
466 188 697 256 AENEIDOS
720 187 802 255 LIB.
824 188 864 255 V.

71 356 188 507 gualis
210 355 366 445 spelunca
388 355 496 422 subito
519 365 681 423 commota
705 355 864 439 columba,

101 442 135 506 ui
157 439 272 506 domus
295 448 327 504 et
350 437 461 504 dulces
483 439 647 506 latebroso
671 441 704 504 in
726 440 855 527 pumice
874 438 952 522 nidi,

70 525 192 591 Fertur
214 525 248 589 in
271 545 353 588 arva
374 521 488 588 volans
510 522 725 672 plausumque
747 524 906 590 exterrita
928 524 1038 610 pinnis
1121 518 1129 528 ’
1197 535 1249 588 215

71 607 142 673 Dat
163 615 249 674 tecto
271 607 445 693 ingentem,
470 629 547 672 mox
570 616 646 672 atre
680 629 762 695 apsa
784 608 895 694 quieto

72 690 173 756 Radit
195 693 257 756 iter
278 688 437 778 liquidum
462 689 576 755 celeris
599 712 706 779 neque
727 697 908 757 commovet
929 688 1014 755 ales:

73 774 129 840 Sic
150 773 339 839 Mnestheus
373 775 420 838 sic
441 775 515 861 ipsa
538 775 618 860 suge
638 784 728 840 secat
749 773 864 838 ultima
884 773 1003 839 Pristis

71 855 235 946 Aequore,
257 858 305 923 sic
325 823 414 922 iilam
436 857 502 922 fert
520 859 661 944 impetus
683 860 755 945 ipse
778 856 951 923 volantem.

71 940 115 1006 Et
137 941 277 1029 primum
301 940 334 1004 in
358 938 492 1027 scopulo
514 940 691 1007 luctantem
713 939 836 1006 desemt
856 940 925 1005 alto
1197 955 1247 1006 220

72 1126 174 1136 ...α-ύ
184 1129 235 1133 .-,.
249 1131 251 1133 ,
266 1130 279 1133 ..

73 1227 119 1279 cat
136 1240 182 1295 per
199 1224 298 1280 fluctus
316 1242 347 1280 ex
365 1226 421 1281 alto
439 1225 506 1278 litus
524 1240 615 1279 versus
634 1225 807 1281 decurrentes
824 1223 852 1280 id
902 1240 937 1280 oe
954 1225 1030 1281 uaris
1056 1228 1158 1281 metam
1175 1243 1249 1284 uss·

72 1295 151 1348 outae
168 1291 286 1348 reditum
303 1293 471 1355 adluveutea
490 1292 550 1346 coll.
570 1292 633 1347 Geo.
652 1293 675 1357 Ι,
696 1296 753 1348 203.
785 1294 852 1348 Aen.
912 1297 996 1353 ,424
1023 1292 1098 1357 VIII,
1119 1299 1176 1352 548.
1196 1293 1249 1350 Lu·

73 1376 131 1414 osu.
155 1361 296 1425 1v,sro.;
326 1378 439 1431 eumque
463 1361 544 1414 etism
570 1361 664 1430 Wagn.
688 1361 714 1415 iu
743 1362 807 1417 ιιιίιι.
835 1359 900 1416 edit.
928 1362 1058 1430 sequitur.
1076 1393 1108 1402 -
1126 1364 1205 1435 pola
1232 1382 1249 1418 σ

73 1431 164 1482 sutem
187 1449 205 1482 a
234 1436 306 1484 arto
329 1447 381 1484 non
404 1430 422 1483 i.
442 1446 466 1499 q.
490 1428 546 1482 alto
570 1428 675 1498 pelago,
708 1428 755 1483 sed
778 1427 948 1484 obstaculum
968 1428 1071 1484 nullum
1111 1433 1209 1488 rseben
1241 1473 1246 1485 .

73 1495 114 1550 Ct'.
133 1495 203 1550 aduc
233 1543 237 1551 .
257 1498 292 1551 sd
308 1497 330 1562 Ι,
349 1502 406 1551 394.
425 1497 546 1551 Iteratur
562 1497 605 1550 hic
625 1511 718 1551 versus
739 1497 766 1550 in
786 1495 871 1551 Anth.
889 1495 949 1552 Iat.
968 1496 989 1564 Ι,
1011 1501 1050 1562 14,
1070 1447 1110 1553 ti).
1139 1499 1247 1566 Quiuct.

74 1564 142 1619 lust.
153 1564 213 1628 VII,
224 1569 248 1626 9,
264 1569 300 1620 tt.
314 1564 380 1620 haec
398 1565 535 1633 proterens
547 1564 658 1633 Vergilii
677 1565 771 1620 verbs:
793 1565 871 1619 coelo
889 1567 1013 1618 marrier
1023 1575 1129 1636 aperto,
1148 1584 1250 1623 memo·

77 1634 117 1684 ria
136 1631 227 1702 lapsus
244 1631 316 1687 hunc
333 1633 421 1687 locum
441 1631 591 1686 confudisse
610 1631 718 1688 ridetur
735 1648 795 1686 oum
813 1631 880 1687 Aen.
897 1632 920 1697 Ι,
954 1637 1009 1688 155.
1033 1635 1112 1688 coelo
1130 1637 1251 1691 ιἐισσσιιιε

73 1706 179 1779 operto.
199 1731 229 1737 —
250 1697 323 1798 „2AE3
341 1717 398 1770 sqq.
418 1703 512 1766 κοίλην
530 1704 636 1820 usipus
655 1699 802 1782 Χηριιμόν,
820 1698 899 1755 Illud.
917 1699 990 1761 XXI.
1011 1705 1061 1755 494
1080 1719 1121 1772 sq.
1143 1718 1249 1786 enprqs·

74 1770 300 1915 :uultur
318 1768 654 1896 &multitud
665 1768 1249 1910 ttttttu¹133t¹¹¹lu33l²l¹ultlt

74 1906 221 1958 continent.
245 1903 287 1957 Cf.
307 1903 363 1958 Ecl.
382 1904 404 1967 Ι,
423 1907 447 1959 3,
467 1903 511 1959 Sic
529 1904 603 1973 prius
621 1919 682 1957 oum
700 1904 797 1974 ngn.
816 1904 905 1957 locum
922 1920 954 1963 ex
973 1903 1050 1969 lieui3
1070 1921 1140 1960 nunc
1158 1909 1250 1961 tamen

75 1986 135 2023 cum
150 1969 264 2025 ilenrico
283 1972 340 2027 Tro.
376 1989 438 2027 rora
457 1971 488 2025 V.
506 1989 532 2040 p.
556 1976 596 2025 14.
615 1973 642 2026 et
659 1971 757 2026 Philol.
777 1969 853 2026 XIII.
873 1988 899 2041 p.
919 1920 978 2026 ddi.
1000 1973 1027 2026 et
1044 1972 1149 2028 Ludew.
1169 1976 1251 2028 ardor

74 2037 149 2092 Plur.
169 2055 279 2094 numero
317 1993 400 2093 osiios
419 2039 510 2108 potius
527 2040 599 2109 ipsos
618 2039 706 2109 pullos
732 2040 759 2093 in
780 2039 843 2093 nido
862 2042 1001 2093 versantes
1020 2039 1170 2109 siguificare
1188 2057 1249 2096 ceu·

75 2122 120 2160 seo
145 2105 206 2161 coll.
225 2057 354 2172 Geopr,
387 2113 425 2162 17.
456 2107 514 2173 (ubi
538 2107 589 2163 vid.
612 2107 738 2176 ednott.),
768 2108 834 2161 Aen.
853 2105 916 2175 XII,
948 2110 1006 2162 475.
1037 2111 1064 2162 et
1082 2107 1179 2164 Claud.
1198 2109 1249 2164 III.

73 2173 152 2229 Cous.
173 2174 242 2230 Ηοιι.
260 2175 344 2256 praet.
364 2182 385 2229 5.
406 2176 547 2245 implumes
565 2176 635 2229 nidi.
651 2206 682 2214 -
695 2174 869 2229 latebroso
887 2175 921 2229 ι’νι
935 2177 1079 2246 pumirs,
1116 2177 1144 2231 ui
1163 2176 1251 2232 multa

75 2241 317 2323 hsbqttorsmmo,
336 2244 363 2296 ἰιι
401 2244 480 2297 uibus
500 2242 640 2323 palumbes
658 2242 778 2323 lutetias
813 2259 923 2298 uerrere
942 2247 1064 2312 possunt.
1159 2245 1181 2298 it
1200 2243 1250 2298 hoc

73 2260 510 2433 irruutuntltsffl·
531 2311 590 2438 dt
614 2259 1176 2434 ²..tlu.i‚.¹.t·.utt:mr
1191 2314 1250 2434 u

74 2445 176 2497 Fertur
198 2446 228 2498 r'u
256 2397 456 2516 aroapfurens·
478 2476 510 2484 -·
529 2446 712 2514 „Plausum
739 2446 861 2515 persoir
890 2448 949 2499 dat
978 2423 1171 2512 irruentem,
1190 2463 1250 2501 cum

73 2512 135 2566 inde
154 2512 248 2568 volatu
266 2515 340 2568 abire
359 2521 445 2583 perat.
480 2513 552 2567 Bene
570 2512 665 2581 Pomp.
685 2511 760 2567 sm:
796 2527 876 2576 „cum
894 2512 990 2581 incipit
1007 2512 1097 2567 volare
1114 2513 1248 2577 columba,

75 2580 123 2633 det
154 2581 290 2650 ingentem
324 2583 482 2651 strepitum
512 2580 573 2634 inde
599 2580 640 2633 ita
657 2579 749 2648 quieta
768 2579 851 2642 volat,
881 2583 982 2634 utnon
1002 2578 1250 2636 rideaturmorere

74 2647 161 2703 alas.“
198 2649 287 2721 Heyn.
323 2651 422 2731 loprae
444 2649 528 2718 igitur
549 2664 600 2701 non
627 2663 675 2716 per
693 2665 722 2700 se
739 2650 782 2702 est
800 2646 912 2716 plausus
931 2645 1045 2713 darum,
1075 2649 1122 2704 sed
1140 2651 1249 2704 tautum

74 2717 196 2785 sequenti
225 2719 316 2787 quieto
345 2719 442 2772 stimi
467 2716 613 2786 oppositus.
649 2715 739 2769 Minus
756 2719 829 2769 reete
846 2716 953 2770 Servius
972 2731 1120 2785 pennarum
1139 2733 1250 2772 concus-

75 2784 147 2838 sione
168 2788 298 2841 torrorem
321 2785 467 2857 significari
491 2785 580 2854 putat,
611 2798 769 2850 comparans
794 2783 866 2837 intra
884 2800 907 2838 v.
927 2788 984 2838 505.
1004 2814 1035 2823 -—
1052 2782 1117 2845 216.
1150 2792 1249 2848 tecto,

75 2852 203 2932 spelunca
232 2855 259 2908 ln
291 2855 405 2924 pumice,
436 2854 483 2908 nbi
506 2851 600 2905 nidum
619 2850 710 2905 hebet.
746 2849 814 2904 Cum
833 2851 922 2904 verbis
950 2852 1082 2905 accarim
1111 2860 1180 2906 tecto
1199 2852 1252 2906 Oo-

75 2921 189 2988 nmgton
208 2927 347 2992 comparat
365 2922 444 2976 Ennii
462 2922 531 2974 Amr.
549 2919 571 2973 I.
589 2919 621 2974 ir.
641 2923 682 2972 34.
700 2923 737 2984 (v.
756 2922 824 3040 inp.
845 2922 883 2972 10.
898 2918 1249 2998 tonussemitonium.

75 3018 106 3026 -κ
129 2993 186 3042 adr
227 2989 339 3044 aletur
356 2989 502 3045 secuudum
520 2988 622 3042 Wolet.
641 2985 765 3042 deucr.
806 2987 883 3049 ,mu
902 2985 959 3053 (nbi
978 3003 1060 3040 raone
1114 2987 1197 3041 raram
1213 2986 1252 3041 le·

76 3057 162 3124 gitur)
179 3007 222 3111 esi
238 3059 404 3125 „transitum
423 3059 544 3128 quietum
564 3056 705 3177 praebeqs2
736 3052 821 3135 nihilo
839 3056 991 3108 remorante
1009 3053 1051 3134 rol
1070 3069 1085 3106 o
1107 3053 1250 3108 endente.“

76 3155 109 3163 —-
129 3125 187 3178 lubi
203 3130 295 3181 autem
312 3130 341 3180 et
360 3129 467 3196 luporem
486 3125 518 3179 de
539 3126 631 3178 voatu
654 3122 715 3187 dior,
748 3137 802 3177 ram
821 3121 871 3189 ΠΙ,
902 3124 960 3176 225.
992 3120 1117 3175 vidimus.
1141 3153 1168 3161 -
1184 3119 1250 3183 217.

76 3191 231 3263 Oculugton
249 3197 389 3263 comperet
408 3192 496 3262 Apoll.
514 3191 566 3246 Rh.
584 3192 621 3260 ΙΙ,
645 3195 704 3245 936.
736 3189 802 3245 οὐδὲ
822 3187 950 3244 τινάσσει
966 3189 1075 3257 ‘Pr-niv,
1095 3189 1252 3257 εὐκήλοισιν

76 3260 230 3314 ἐνευδιόων
268 3261 468 3334 πτερύγεσσιν.
501 3293 529 3299 --
559 3260 655 3312 radit
688 3259 753 3311 iter
791 3257 975 3326 liquidum,
1012 3257 1028 3313 i.
1060 3274 1083 3312 e.
1119 3258 1173 3310 iter
1205 3272 1253 3326 per

77 3332 165 3381 serem
183 3328 322 3397 liquidum.
354 3328 495 3391 ‚studere
516 3324 665 3392 eademst
684 3330 806 3395 ψαίρειν,
826 3340 850 3378 v.
868 3341 891 3380 o.
910 3340 952 3393 ep.
971 3324 1066 3378 Aesoh.
1086 3325 1174 3378 Prom.
1194 3327 1251 3379 394.

78 3395 187 3462 [λευκὸν
213 3395 296 3465 οἶμον
322 3398 438 3465 αἰθέρος
464 3400 520 3464 apost
538 3414 560 3447 ιι
584 3392 714 3472 πιέροιςῙ.
750 3392 792 3445 Cf.
810 3391 923 3471 llulken.
943 3391 978 3446 ad
996 3391 1088 3462 Eurip.
1105 3392 1206 3473 Phoen.
1227 3410 1251 3462 p.

77 3464 137 3515 411.
172 3462 215 3516 Sic
240 3479 348 3517 σεννεεε
364 3479 471 3532 sequor.
508 3414 655 3530 isigonus
674 3476 785 3528 recare;
811 3474 863 3513 nisi
881 3460 951 3529 quod
970 3459 1086 3514 sltemm
1105 3459 1174 3515 illud
1192 3476 1252 3514 eum

79 3529 133 3580 vim
150 3529 242 3597 hebet,
262 3533 293 3584 ut
328 3532 387 3585 ussi
409 3531 479 3585 aeris
497 3529 587 3598 aliqua
605 3527 743 3597 superficie
760 3525 858 3581 leviter
876 3531 984 3581 tantum
1005 3528 1150 3598 perstricto
1166 3528 1253 3582 inces-

78 3611 138 3648 sum
169 3596 286 3652 denotet.
311 3548 374 3668 ici.
406 3597 510 3652 aduott.
540 3596 574 3651 ad
593 3595 643 3657 ΙΠ,
674 3596 742 3664 toul
777 3593 969 3650 Columbamm
999 3598 1076 3650 motu
1099 3595 1206 3667 placido
1224 3599 1253 3650 et

78 3663 142 3724 leni,
169 3681 299 3735 suspenso
349 3666 403 3720 edu
421 3670 449 3719 et
466 3665 518 3719 levi
537 3665 650 3728 incessu,
681 3663 812 3717 Homerus
841 3663 951 3718 desmm
970 3664 1104 3718 incessum
1122 3664 1252 3720 dulsrrui

78 3747 156 3801 posse
185 3734 293 3802 putarit
336 3735 393 3797 .V‚
423 3737 481 3787 148.
518 3734 553 3786 st
572 3727 626 3785 -liic
656 3731 824 3802 aequabilem
848 3734 876 3786 et
893 3731 1008 3786 liberum
1027 3735 1056 3788 et
1074 3731 1252 3803 tranquillum

78 3799 154 3853 navia
172 3816 279 3855 cursum
316 3817 345 3855 er
363 3818 379 3855 a
398 3804 486 3855 ertum
506 3815 578 3854 mare
597 3801 703 3868 egregie
722 3802 937 3868 repraesentor
974 3800 1063 3869 Heyn.
1099 3800 1184 3854 Conin
1219 3815 1251 3852 on

78 3865 182 3922 confert
199 3869 275 3925 ovid.
327 3871 362 3923 et.
380 3818 416 3930 il,
447 3872 505 3923 654.
536 3867 611 3920 ricco
638 3869 718 3936 fretu
735 3870 835 3921 radere
850 3885 946 3939 possa.
966 3900 998 3908 -
1016 3868 1142 3942 coleris
1165 3885 1184 3920 a
1206 3884 1252 3919 aa

77 3934 120 3988 cf.
140 3935 204 3991 Hor.
225 3937 274 3992 od.
294 3936 343 3999 ΙΠ,
363 3941 404 3999 29,
423 3942 463 3991 45,
482 3936 582 3989 celem
594 3951 701 4015 pennus
719 3936 746 3987 et
765 3933 801 3998 Π,
824 3939 864 4002 12,
889 3938 931 3990 24.
953 3937 1080 3988 volueres
1095 3935 1166 3991 olas.
1204 3933 1254 3987 Co·

78 4007 167 4058 terum
186 4020 245 4059 oum
267 4004 369 4067 volatu,
401 4005 445 4074 qui
462 4005 507 4057 hic
524 4002 694 4067 desumitur,
713 4002 749 4056 ol.
766 4001 813 4068 IV,
845 4006 904 4057 252.
935 4002 1053 4074 porr'lua
1071 4002 1127 4055 alis
1149 4003 1253 4055 volare.

78 4102 108 4110 -
127 4069 192 4134 218.
223 4075 235 4126 ι’
262 4091 313 4140 ra,
333 4089 394 4127 cum
417 4073 528 4137 Pristis,
547 4086 680 4124 noricum
698 4086 822 4138 σεφισεα
839 4070 1014 4138 iungendum,
1036 4084 1132 4123 narem
1151 4068 1254 4139 signill-

78 4140 183 4195 csntius
214 4140 360 4210 distinguit
381 4157 397 4194 a
417 4139 565 4201 Mnestheo.
598 4152 709 4205 eumque
732 4136 773 4190 vel
792 4154 873 4192 suas
910 4140 967 4205 nte,
998 4137 1055 4191 sine
1074 4135 1148 4191 illius
1165 4152 1181 4191 o
1200 4151 1254 4199 ers,
1331 4180 1334 4190 .

79 4223 152 4262 mare
177 4209 302 4265 celeriter
323 4224 475 4279 permeasse
493 4206 636 4276 significat.
671 4205 713 4258 Cf.
733 4204 826 4258 adnot.
898 4204 954 4258 Ecl.
974 4205 997 4268 Ι,
1022 4208 1063 4284 ³⁹:
1082 4203 1128 4268 IV,
1159 4153 1201 4258 ri.
1220 4204 1254 4283 sl.

80 4308 111 4314 --
128 4277 251 4332 ultima
269 4294 437 4347 aequora,
468 4275 538 4329 circe
557 4275 666 4327 metum.
686 4303 718 4311 -
737 4268 799 4331 219.
831 4271 983 4336 „Mnesthei
1002 4287 1157 4326 naussum
1175 4287 1256 4326 renus

79 4346 108 4395 et
125 4343 192 4400 velis
209 4361 314 4400 summo
333 4345 426 4399 labore
445 4344 560 4397 incitata
582 4342 609 4394 iu
628 4356 709 4394 cursu
728 4342 807 4400 esset,
832 4340 984 4461 itacpergit
1001 4338 1092 4394 volare
1104 4339 1257 4419 ‚remigibus

80 4409 123 4462 vel
140 4412 229 4469 minus
248 4413 369 4468 intentis.
405 4412 447 4467 Gi.
467 4411 522 4467 Cic.
548 4409 581 4464 de
599 4409 645 4464 Or.
664 4408 686 4470 Ι,
715 4411 757 4471 33,
787 4411 842 4462 153.
897 4409 1018 4462 οιιείεαιο
1041 4408 1164 4477 nampio,
1195 4424 1257 4461 σιιιιι

80 4479 195 4548 remisse
219 4483 401 4544 mtibrmmrrt,
428 4481 526 4534 retinet
554 4485 643 4532 tamea
672 4477 734 4548 ipsa
764 4476 845 4529 νισυὶε
872 4481 973 4529 motum
1001 4483 1026 4529 et
1045 4491 1153 4529 currum
1170 4491 1257 4538 ειιιινιι,

80 4545 233 4604 {nummo
263 4552 366 4621 impetu
396 4564 530 4618 utrmque
558 4546 724 4600 remorum.“
774 4542 867 4598 Gossr.
900 4573 931 4582 -
962 4544 1167 4600 solantem.
1214 4541 1257 4597 cf.

82 4611 148 4671 Geo.
167 4616 202 4682 11,
221 4621 262 4672 41.
288 4619 443 4688 petoqoque
470 4617 569 4671 volans
596 4616 635 4668 da
663 4612 726 4666 vela
754 4614 868 4683 patenti.
894 4643 927 4652 -
957 4608 1021 4674 220.
1051 4612 1086 4665 ι’νν
1115 4612 1260 4683 scopato

133 4708 249 4751 maon.
281 4711 363 4752 rasa.
385 4710 419 4752 11.
445 4711 491 4750 mr.
513 4710 555 4751 ιν.
1003 4695 1037 4746 36
