2872 4980
498 223 727 290 AENEIDOS
748 223 830 290 LlB.
851 223 909 288 HI.

122 387 140 452 I
165 410 202 453 77
224 397 319 454 canat
341 411 516 478 vocemque
537 388 649 455 voleus
672 397 768 478 atque
790 411 848 455 ora
868 386 1027 458 resolvat.

122 410 185 536 liis
206 470 265 536 tibi
288 470 402 538 Italiae
423 472 561 560 populos
582 481 781 561 venturaque
801 470 888 538 bella

124 555 169 619 Et
190 576 252 642 quo
275 577 432 643 quemque
453 556 549 622 modo
570 555 741 644 fugiasque
761 557 912 644 ferasque
933 553 1088 636 laborem,

123 637 287 724 Expediet
308 661 484 727 cursusque
506 637 597 705 dabit
617 648 772 705 venerata
794 638 960 704 secundos.
1237 650 1288 700 467

123 720 217 785 Η777
239 729 320 804 sunt,
344 744 426 809 quae
447 731 559 788 nostra
578 720 674 788 liceat
695 731 727 789 te
747 744 829 789 voce
848 723 981 788 moneri.

123 804 218 869 Vade
238 827 299 890 age
317 817 349 869 et
368 806 531 891 ingentem
552 806 648 871 factis
668 806 717 871 fer
737 806 779 872 ad
802 805 934 871 aethera
955 803 1122 871 Troiam.“

207 886 300 967 Quae
321 896 493 976 postquam
514 900 606 954 vates
628 890 750 955 sicone
770 889 885 954 effatus
907 890 1012 955 amico
1035 897 1094 971 est,

122 969 221 1035 Dona
241 969 358 1036 dehinc
378 994 458 1038 auro
480 973 597 1059 gravia
618 981 770 1060 sectoque
790 971 962 1071 elephanto

125 1051 271 1141 Imperat
292 1054 336 1120 771
356 1056 450 1121 navis
470 1057 547 1120 ferri
571 1057 734 1143 stipatque
755 1057 875 1121 carinis
1239 1065 1288 1116 465

122 1323 155 1374 77
176 1319 355 1390 ipsaemet),
381 1337 494 1391 cumque
516 1319 683 1376 festinationi
706 1320 838 1376 sociorum
862 1321 918 1390 ipse
955 1320 1045 1377 uidem
1064 1319 1154 1375 aditus
1172 1317 1290 1387 Sibyllae

122 1390 189 1444 benc
206 1390 363 1458 opponatur,
382 1404 436 1443 non
452 1405 513 1443 vero
531 1388 609 1452 ratio,
628 1405 682 1459 qua
698 1388 747 1443 illa
764 1389 900 1443 oraculum
919 1405 933 1445 7
970 1392 991 1453 7,
1012 1405 1105 1444 versus
1122 1389 1213 1442 autem
1230 1389 1289 1440 457.

123 1456 222 1537 omissa
240 1459 384 1577 poctarum
407 1472 479 1511 more
498 1455 636 1511 Particulu
658 1456 817 1511 transeundi
839 1459 889 1511 scd
908 1457 1045 1511 subiectus
1068 1455 1200 1523 videatur,
1223 1469 1291 1524 quae

122 1523 246 1647 iiisiidi
268 1591 471 1672 opponendiquc
488 1608 529 1645 777
547 1592 620 1654 lusit,
643 1608 714 1646 nunc
740 1593 914 1672 cumWagn.
932 1593 1080 1663 ceterisque
1100 1590 1291 1646 recentioribus

122 1659 268 1715 editoribus
279 1660 386 1730 praeter
395 1659 588 1728 Coumgtonem
597 1659 732 1713 Punctum
748 1661 865 1714 restitui.
877 1691 910 1699 -
921 1662 1045 1726 volens,
1064 1663 1158 1730 parato
1176 1658 1212 1713 ad
1261 1673 1291 1711 7-

122 1726 279 1781 tificaudum
296 1728 392 1781 auimo
429 1726 489 1781 Vid.
515 1728 582 1782 Aen.
610 1727 633 1790 Ι,
660 1731 717 1782 733.
752 1728 841 1799 ibique
863 1729 988 1796 adnott.),
1007 1727 1040 1792 V,
1064 1731 1121 1782 712.
1150 1727 1211 1790 VII,
1252 1727 1290 1778 16.

123 1795 198 1857 viii,
224 1799 278 1849 133.
297 1798 324 1849 77
341 1795 403 1859 XII,
429 1798 486 1849 293.
523 1795 671 1850 Mitscherl.
696 1794 730 1850 ad
775 1812 811 1850 or.
831 1795 880 1851 Od.
901 1796 950 1860 ΙΠ,
978 1800 1020 1859 36,
1045 1798 1082 1849 16.
1104 1800 1132 1850 77
1150 1793 1233 1849 Τ17171.
1257 1790 1292 1846 771

125 1863 192 1917 Acii.
210 1862 242 1927 X,
259 1866 317 1918 677.
335 1892 367 1903 -
386 1882 446 1916 ora
462 1864 618 1918 resolvat.
637 1861 699 1917 Vid.
720 1862 755 1917 ad
772 1863 836 1919 Geo.
855 1863 902 1927 IV,
920 1866 980 1917 452.
999 1894 1032 1903 ·-
1048 1862 1114 1924 458.
1141 1863 1212 1917 Illa
1230 1859 1294 1914 tibi

125 1932 189 1985 cett.
224 1930 297 1985 Haec
314 1947 375 1985 vere
393 1946 410 1984 a
426 1930 529 2000 Sibylla
545 1930 696 1996 7771717771,
717 1930 868 1985 videbimus
885 1931 956 1987 intra
973 1931 1021 1994 VI,
1040 1934 1073 1986 83
1090 1949 1159 2002 sqq,
1183 1931 1230 1986 ubi
1248 1932 1291 1981 ta·

123 2014 184 2079 men
202 2014 253 2051 non
272 1999 339 2052 satis
359 1996 458 2053 diserte
476 1999 597 2068 exposita
619 2015 748 2069 apparere
765 2000 846 2054 rerba
863 1998 903 2052 Et
926 2016 980 2068 qao
995 2017 1128 2080 pastuque
1144 2001 1227 2053 modo
1244 1998 1292 2064 fa·

138 2084 236 2214 tt?
262 2065 1293 2216 7777777777..,7777777777777777

123 2201 238 2269 simphci
256 2201 359 2270 Copula
383 2217 432 2271 pro
455 2200 601 2256 Particulis
624 2203 793 2258 disiunctivis
817 2204 907 2283 posita
929 2202 982 2258 vid.
1004 2203 1162 2268 77111771,
1187 2205 1247 2256 442.
1265 2203 1293 2254 77

124 2268 250 2348 Aen-H,
278 2271 318 2323 36.
352 2268 479 2348 Ceterum
502 2268 659 2324 1717777777
682 2271 797 2325 iteratur
822 2273 893 2325 intra
912 2271 965 2350 VI,
993 2275 1050 2327 692.
1073 2270 1190 2326 secunda
1214 2269 1292 2349 modo

124 2335 207 2390 Verbi
224 2336 342 2391 Persona
358 2352 387 2388 ui
404 2338 515 2390 bertram
532 2339 647 2391 mutata.
666 2369 697 2377 -·
717 2337 782 2399 460.
800 2338 984 2408 Expediet,
1006 2356 1019 2394 e
1055 2341 1125 2402 onet,
1149 2338 1293 2393 enarrabit.

124 2403 165 2459 ci.
184 2403 247 2458 Geo.
268 2403 316 2472 IV,
334 2406 393 2456 286.
410 2406 476 2458 Aen.
493 2403 541 2467 XI,
561 2408 617 2458 315.
637 2404 692 2458 Cic.
710 2406 744 2460 N.
762 2405 796 2459 Ι).
815 2405 837 2469 Ι,
855 2409 881 2467 4,
900 2410 926 2458 7.
944 2405 1009 2460 Sall.
1040 2423 1084 2475 ng.
1103 2412 1129 2460 5.
1147 2406 1292 2460 Tacduu.

124 2470 170 2536 IV,
195 2476 216 2525 1.
240 2473 291 2525 etc.
326 2469 436 2525 Plenius
458 2472 587 2541 expedire
608 2472 693 2526 dictio
714 2488 796 2542 supra
817 2488 841 2526 7.
866 2475 924 2526 379.
954 2476 982 2527 77
997 2473 1044 2538 VI,
1070 2477 1128 2527 759.
1147 2508 1179 2514 --
1196 2489 1294 2526 77777-

124 2546 202 2592 rata
243 2538 328 2593 assire
350 2555 399 2607 pro
417 2538 540 2619 invocata
557 2541 585 2593 77
600 2542 706 2660 ffita,
729 2543 760 2593 77
783 2555 826 2658 ap.
846 2539 910 2594 Hor.
928 2540 984 2595 Sat.
1002 2539 1046 2620 Π,
1061 2543 1086 2605 2,
1109 2544 1166 2595 124.
1194 2539 1293 2620 Appul.

125 2606 587 2754 7777777777·
618 2605 1081 2753 stimulabitur?
1098 2608 1294 2731 77777

126 2758 219 2795 acran
240 2758 288 2812 pro
311 2757 434 2796 mrocarc
457 2743 484 2796 77
508 2757 603 2811 rogare
624 2741 724 2820 legitur
747 2756 773 2795 7.
798 2756 820 2796 c.
846 2741 918 2821 apud
939 2741 1030 2796 Plaut.
1056 2694 1126 2798 uui.
1144 2743 1177 2809 V,
1201 2747 1226 2806 2,
1250 2746 1293 2797 62.

133 2808 228 2870 Venus,
251 2826 365 2864 7777777·
382 2816 468 2889 tenet
490 2826 580 2889 777777
602 2809 694 2888 misera
717 2807 826 2862 17777777
846 2815 922 2862 accat.
940 2839 973 2849 —-
990 2811 1090 2864 dabit
1110 2829 1226 2891 7777777
1247 2829 1294 2891 77-

125 2875 1294 3025 66116761111111711311761111711.676-161171111171111ῑ

126 3028 208 3092 supra
232 3029 255 3066 v.
279 3015 346 3077 379,
374 2962 770 3093 7777777777171771711777,
794 3014 851 3074 172,
883 3013 938 3066 131.
966 2961 1295 3093 77777777117777777177

126 3081 209 3133 laceat
238 3087 263 3134 77
291 3096 356 3135 voce
380 3097 485 3134 mouera
513 3080 578 3135 ibid.
602 3082 624 3142 Ι,
657 3084 712 3144 178,
741 3082 782 3134 67.
806 3111 839 3119 -—
860 3075 926 3139 462.
954 3079 1045 3134 Vade
1071 3097 1144 3149 ape,
1174 3079 1295 3146 (Homeri

125 3146 206 3214 βάσκ’
230 3149 283 3215 tsi)
312 3150 345 3201 77
373 3147 445 3202 intra
467 3147 514 3210 IV,
541 3151 599 3202 223.
621 3150 649 3202 77
673 3148 707 3212 V,
737 3151 796 3201 548.
830 3146 891 3226 Vid.
909 3145 944 3200 ad
962 3147 985 3211 Ι,
1013 3150 1071 3202 627.
1098 3152 1126 3201 77
1151 3162 1233 3216 supra
1260 3147 1295 3202 ad

126 3232 151 3269 v.
180 3219 235 3270 169.
259 3214 459 3295 —0Epitheton
492 3216 653 3295 tepentem
683 3232 731 3285 per
761 3213 896 3285 prolepsin
925 3213 1027 3268 dictum
1048 3214 1193 3270 Gossravio
1221 3218 1295 3296 arcte

127 3282 661 3430 77777777777777
675 3285 728 3411 ci
750 3281 1131 3431 7777777777.
1222 3283 1296 3407 uti

128 3416 255 3479 tollatur;
270 3416 341 3495 quod
352 3417 444 3486 probo.
453 3417 580 3496 ‘Factis
593 3418 676 3497 igitur
688 3434 740 3498 non
751 3417 965 3485 coniungendum
974 3420 1016 3497 est
1027 3433 1087 3472 cum
1099 3425 1244 3499 7777777777,
1264 3422 1295 3475 77
1350 3444 1353 3451 ³

129 3484 260 3601 Wapnero
278 3482 391 3560 ridetur,
415 3500 462 3553 qui
478 3483 567 3538 locum
585 3502 623 3539 777
642 3485 771 3555 erphcat:
802 3483 911 3549 „Redde
928 3484 1034 3539 Troiam
1051 3484 1132 3540 177777
1149 3490 1295 3556 ingentem,

127 3555 160 3604 77
186 3566 241 3628 ‚aus
267 3566 324 3629 eyus
351 3550 386 3604 ad
406 3549 510 3605 caelum
534 3552 688 3620 efferatur“‚
713 3553 761 3608 sed
783 3569 843 3608 curu
856 3554 908 3621 ser
924 3554 965 3606 ud
979 3552 1098 3616 77717777,
1140 3571 1190 3609 uae
1213 3556 1295 3610 etiam

128 3616 301 3696 Coningtoius
324 3619 366 3671 777
388 3619 532 3698 sententia,
559 3620 737 3699 comparantis
759 3621 793 3682 X,
820 3624 878 3675 468.
900 3622 1013 3689 samum
1038 3629 1113 3675 777777
1164 3640 1178 3675 7
1195 3624 1295 3691 suetis.

128 3682 214 3738 Codd.
233 3682 340 3805 ahquod
360 3684 498 3739 deterioris
517 3689 595 3740 uotae
613 3687 739 3741 exhibent
752 3689 836 3756 fatis,
860 3688 937 3758 quod·
948 3688 1051 3757 Heyuio
1069 3691 1170 3744 temere
1189 3690 1295 3746 videtur
1367 3749 1369 3754 ,

128 3751 267 3831 praeteren
287 3767 340 3831 unu
360 3785 392 3791 —
410 3754 509 3821 serre
531 3755 575 3807 ad
594 3755 744 3817 aethera,
769 3755 840 3824 quod
862 3755 927 3810 alibi
949 3758 1120 3825 7717771777,
1142 3759 1182 3812 acl
1201 3759 1295 3813 76777777

123 3823 213 3890 serre,
234 3837 252 3872 i.
271 3836 294 3873 e.
314 3818 457 3883 illustrem,
477 3819 587 3882 claram,
606 3821 805 3876 celeberrimam
822 3822 942 3888 reddere,
970 3824 1010 3878 ita
1029 3826 1061 3878 ut
1078 3824 1165 3894 gloria
1181 3825 1295 3880 alicuius

129 3888 163 3943 ad
179 3887 285 3969 caelum
304 3903 388 3967 usque
405 3888 538 3967 7117777777.
570 3888 610 3968 Gt.
629 3889 651 3952 I,
672 3891 729 3942 287.
747 3889 836 4009 ibique
848 3891 959 3971 7717777.
978 3923 1011 3931 -
1026 3890 1083 3953 463
1100 3908 1157 4013 sqq.
1177 3891 1217 3948 De
1235 3910 1294 3947 mu-

131 3956 238 4011 neribus
256 3955 356 4023 hospiti
377 3955 410 4009 ab
427 3954 475 4008 hos
495 3959 532 4008 777
550 3953 622 4010 datis
639 3956 724 4024 Heyu.
743 3972 790 4010 con
804 3973 856 4010 erri
874 3957 949 4012 iubet
965 3958 1044 4013 Hom.
1064 3957 1115 4014 Od.
1148 3962 1249 4018 ,3117
1288 4000 1294 4013 .

128 4027 156 4078 77
173 4023 249 4079 XIII.
267 4041 308 4092 pr.
328 4054 361 4062 -—
379 4021 457 4103 463..
489 4022 589 4078 'bbecln
609 4022 719 4103 scripsit
756 4042 786 4076 os
841 3976 1295 4104 77.11171.7717777.7711171.1,11

129 4107 188 4146 cum
205 4091 267 4146 add.
280 4123 312 4130 -
329 4090 418 4145 Verba
429 4109 470 4144 777
487 4107 561 4144 orec
584 4098 644 4144 77777
655 4041 969 4170 77777οῆ777777
982 4109 1010 4145 77
1028 4093 1111 4146 Anti.
1123 4092 1182 4148 Lat.
1198 4095 1220 4158 Ι,
1239 4098 1295 4155 172,

129 4164 171 4213 61.
186 4192 216 4198 -
231 4158 296 4217 lca.
312 4159 442 4220 debinc,
457 4160 466 4225 (
486 4157 538 4212 uod
571 4159 594 4212 ’c
610 4160 651 4212 777
663 4157 834 4226 bisyllabum,
851 4158 1022 4224 utconlu,
1042 4162 1096 4214 167.
1110 4160 1138 4213 77
1149 4160 1224 4227 alibi,
1237 4178 1295 4216 sse·

148 4227 189 4281 ius
215 4233 306 4282 autem
332 4225 479 4299 monosylla
498 4243 556 4280 um:
585 4226 629 4279 vid
650 4241 734 4295 supra
754 4225 829 4290 adl,
854 4229 920 4291 131.)
946 4226 1119 4281 antecedente
1138 4236 1295 4299 postquam,

129 4245 269 4349 1177777177
287 4295 392 4361 dicendi
417 4285 537 4364 generes
557 4293 686 4348 Similiter
704 4309 785 4363 supra
803 4309 826 4348 7,
848 4297 894 4347 192
913 4310 970 4363 sqq.
1005 4294 1155 4363 Postquam
1175 4326 1212 4338 ··
1230 4304 1294 4352 tum.

129 4362 171 4416 Ot'.
194 4362 278 4418 etiam
298 4363 403 4417 aduott.
426 4362 460 4417 ad
477 4363 544 4418 Acii.
563 4362 600 4423 Π,
622 4366 680 4417 391.
704 4365 743 4429 (et
764 4360 836 4415 iufra
852 4360 888 4415 ad
904 4359 937 4423 V,
964 4363 1014 4427 14.)
1034 4393 1066 4403 -
1085 4362 1185 4418 Dona
1209 4384 1295 4420 auro

130 4437 160 4483 et
182 4431 359 4515 elephanto
381 4431 514 4500 procia,
546 4430 631 4484 multo
658 4446 723 4484 auro
745 4432 773 4483 77
794 4430 873 4483 ebore
894 4428 998 4483 oruata.
1032 4429 1073 4484 Cf.
1092 4445 1175 4499 supra
1191 4433 1213 4497 Ι,
1238 4436 1294 4487 728.

131 4496 249 4559 Gracia,
273 4499 370 4554 ultima
391 4497 496 4567 syllaba
516 4497 585 4553 77717
608 4499 633 4551 vi
656 4498 795 4567 producta,
818 4496 851 4552 de
869 4512 922 4567 qua
945 4512 973 4550 re
991 4495 1045 4551 viu.
1062 4496 1168 4554 sduott.
1187 4500 1221 4554 ad
1239 4500 1294 4555 1171

252 1523 347 1579 acilius
369 1524 459 1578 omitti
480 1525 608 1603 potuerIt,
632 1540 693 1578 cum
718 1524 772 1578 iam
789 1524 817 1578 iu
836 1524 995 1579 Pronomiue
1013 1525 1080 1596 Ipsa
1098 1523 1228 1595 quaedam
1244 1521 1291 1575 ad-

130 4564 153 4627 1,
173 4567 214 4620 38.
232 4564 280 4630 VI,
298 4570 339 4621 53.
356 4565 430 4620 alibi.
465 4566 483 4621 S
502 4566 591 4621 117677
613 4566 641 4620 in
662 4567 778 4623 vocalem
802 4568 928 4621 exeuntes
953 4566 1069 4633 (praeter
1086 4565 1217 4688 Copidsm
1289 4607 1296 4630 ,

131 4631 235 4718 denqua
254 4633 306 4689 vid.
326 4632 360 4688 ad
378 4633 466 4687 Ecll
494 4674 500 4695 ,
527 4636 579 4700 51.)
604 4635 642 4688 sic
667 4636 850 4706 producuntur
872 4632 1022 4702 aVergllio
1044 4633 1118 4689 hice
1149 4637 1213 4693 Aen.
1288 4674 1295 4699 ,
