2872 4980
52 218 53 221 ‘
147 265 208 329 aaa
468 256 505 319 r.
533 252 720 320 unuani
739 190 938 321 unacum

148 426 374 512 Pergamaque
394 421 593 508 Iliacamque
613 418 699 504 iugis
718 418 803 484 hanc
820 418 947 485 addidit
968 443 1085 486 arcem.

148 507 213 594 Sed
237 506 296 572 tibi
318 507 374 595 qui
394 526 523 572 cursum
543 501 640 580 venti,
666 523 749 589 quae
770 504 838 568 fata
860 501 1003 569 dedere?

146 590 214 656 Aut
234 592 383 678 quisnam
404 590 553 674 ignarum
572 586 692 650 nostris
714 584 792 651 deus
815 584 942 672 adpulit
964 586 1054 652 oris?

149 673 238 755 Quid
259 695 340 760 puer
361 668 545 737 Ascanius?
568 669 765 756 superatne?
787 680 818 734 et
839 672 982 737 vescitur
1003 693 1093 754 aura,

151 757 245 838 Quae
265 755 325 821 tibi
345 757 411 821 iam
432 754 535 819 Troia
557 756 570 787 a
591 757 605 787 *
627 757 640 786 *
662 757 675 787 *
1263 763 1313 815 340

149 1059 268 1129 monem,
294 1057 322 1110 in
340 1073 394 1127 qua
411 1055 466 1110 rari
482 1055 582 1124 campi,
609 1053 760 1108 Chaoniam
776 1053 950 1122 appellarit.“
985 1056 1110 1110 Ceterum
1129 1054 1162 1109 de
1181 1053 1313 1117 ebesan,

151 1143 218 1197 quae
235 1125 341 1196 proprie
360 1141 393 1180 ea
411 1126 520 1178 tantum
538 1125 598 1176 erat
628 1138 672 1176 ars
684 1136 745 1176 orae
761 1121 932 1177 occidentalis
943 1124 1103 1193 Epiroticae,
1121 1138 1190 1192 qnae
1200 1121 1314 1176 maxime

150 1195 185 1250 ad
203 1193 409 1264 septemtriones
432 1192 573 1259 vergebat,
597 1139 631 1243 ci.
653 1189 753 1243 librum
774 1205 861 1243 meum
884 1208 934 1271 geo
969 1233 975 1245 .
1000 1192 1048 1244 111.
1068 1209 1095 1260 p.
1115 1194 1172 1244 ste.
1196 1220 1228 1229 -
1247 1187 1312 1250 336.

151 1264 318 1331 Pergama
335 1261 478 1313 Iliacam
507 1275 546 1311 ae
564 1275 675 1312 aream
691 1274 740 1337 per
757 1273 912 1326 epexegesm
931 1260 937 1272 '
961 1275 1013 1321 am,
1032 1259 1065 1312 de
1083 1275 1137 1339 qua
1154 1258 1188 1312 ad
1206 1258 1270 1311 Aen.
1290 1257 1312 1319 I,

150 1335 208 1385 569.
227 1329 351 1383 diximus.
370 1361 401 1368 -
421 1328 468 1382 od
496 1327 573 1389 idat,
593 1325 722 1393 imposmt
742 1325 841 1377 montis
859 1326 920 1395 iugo
937 1343 1039 1387 arcem,
1062 1342 1105 1380 eur
1122 1325 1248 1394 Pergami
1268 1341 1312 1378 no-

150 1415 211 1452 men
229 1396 311 1451 dedit.
347 1396 389 1450 Oi.
407 1395 454 1459 Vl,
477 1399 534 1447 774.
553 1394 693 1464 inponent
709 1392 844 1446 montibus
862 1412 947 1449 arces.
969 1426 1002 1434 -
1025 1392 1088 1455 337.
1106 1395 1165 1463 qai
1183 1410 1313 1447 caream

146 1461 708 1588 tellstttttt‘tttd'nttt·
722 1460 1312 1584 333333331ξῖξῶεὲἒὲῃῗωγὲἲὼϊ

147 1601 325 1655 mersamine
343 1599 416 1653 venti
436 1597 479 1651 vel
535 1570 551 1650 i>
568 1546 677 1651 {eram
693 1595 775 1675 cesti,
791 1613 847 1664 quo
860 1599 929 1665 fota
946 1548 1008 1652 ried
1027 1598 1152 1661 coniecit;
1164 1570 1238 1666 ’quas
1248 1547 1310 1649 cii-

146 1669 263 1723 ieoturas
282 1668 354 1720 reete
371 1665 473 1735 sprevit
517 1680 576 1733 eyn.
609 1680 687 1734 quem
707 1679 781 1731 pnus
802 1680 862 1717 eum
880 1666 976 1745 Wagu.
999 1668 1107 1719 secutus
1130 1668 1217 1727 sum),
1246 1663 1273 1718 h.
1295 1664 1313 1717 l.

148 1737 191 1858 qiq
203 1736 413 1855 interppetatusz
430 1748 613 1854 qqpinqasfqoqu
633 1732 788 1853 bqsttprqqs
806 1733 977 1853 aceessqstrql
1000 1749 1064 1787 nnm
1083 1734 1259 1853 tIqupestate
1271 1747 1311 1811 ‘an

161 1820 215 1866 ao,
234 1819 268 1857 an
304 1818 394 1856 eorum
411 1818 429 1854 n
614 1817 641 1852 m
674 1818 687 1853 s
780 1843 785 1852 .
822 1816 871 1854 uae
912 1817 926 1854 e
966 1818 996 1855 oc
1020 1817 1071 1854 usu
1125 1816 1253 1853 onommrs
1270 1816 1310 1851 rn-

149 1870 308 1939 tcrrogativi
324 1872 432 1938 praeter
449 1868 499 1922 Wa
518 1884 545 1920 n.
564 1867 598 1921 ad
616 1868 681 1920 Aen.
701 1866 728 1934 Ι,
752 1868 776 1919 8.
796 1816 824 1922 eqt
841 1869 869 1920 in
887 1869 935 1936 Ep.
958 1868 993 1922 ad
1011 1868 1132 1922 Groebel.
1150 1885 1175 1936 p.
1195 1870 1235 1920 23.
1255 1867 1310 1920 dis-

147 1940 280 2009 putarunt
297 1937 416 2005 Langius
440 1936 468 1989 in
512 1953 575 1989 erm.
594 1935 673 1989 θοὴν.
697 1952 724 2004 p.
742 1937 774 1988 92
796 1954 809 1988 s
828 1953 854 2016 q.
876 1940 904 1990 et
922 1936 1050 1990 Distrieb.
1069 1935 1177 2000 Quaest.
1201 1935 1259 1988 crit.
1278 1934 1311 1989 de

147 2006 271 2077 quibusd.
294 2004 350 2058 Cic.
373 2004 402 2058 ll.
424 2003 544 2072 Friberg.
569 2006 642 2058 1851.
664 2020 691 2072 p.
716 2006 755 2056 11.
777 1953 951 2058 ailretsabio
972 2004 990 2059 1.
1008 2005 1026 2059 l.
1048 2020 1074 2071 p.
1094 2007 1133 2056 24.
1156 2002 1242 2064 laud.;
1264 2004 1310 2072 qui

147 2077 238 2129 tamen
256 2090 320 2126 num
339 2072 420 2127 etiam
438 2073 563 2140 qaenam
579 2071 620 2124 ita
637 2087 654 2124 a
672 2085 806 2150 quoquam
825 2070 928 2126 dictum
946 2072 996 2134 sit,
1015 2089 1069 2125 non
1086 2073 1186 2125 temere
1204 2071 1311 2125 ridetur

83 2199 85 2209 ,
147 2142 280 2204 dubitare,
299 2142 403 2193 etcum
422 2140 486 2204 fata
512 2139 540 2192 et
558 2140 624 2191 deas
638 2138 690 2192 aibr
712 2143 892 2207 opponantur,
916 2142 988 2194 recte
1010 2139 1159 2203 contendit,
1181 2140 1246 2203 fato
1266 2137 1310 2192 hio

147 2227 199 2263 non
220 2224 277 2262 esse
294 2208 417 2261 aeternas
436 2207 603 2261 necessitatis
620 2205 645 2260 le
666 2222 694 2259 es
710 2206 792 2276 ipsas,
812 2207 859 2262 sed
877 2225 919 2262 res
936 2208 970 2261 iis
987 2208 1150 2268 evenientes;
1170 2222 1250 2276 quare
1267 2206 1308 2259 lo'-

147 2294 207 2332 cum
225 2292 286 2329 cum
303 2291 332 2329 eo
350 2291 420 2329 nunc
438 2275 476 2329 sic
494 2273 606 2343 explico:
630 2315 647 2338 „
673 2273 726 2328 nde
748 2277 776 2328 et
812 2292 841 2329 er
865 2292 943 2345 quern
959 2292 1047 2330 rerum
1066 2275 1184 2329 ordinem
1203 2275 1309 2341 venisti,

149 2349 197 2400 aut
232 2343 274 2397 uis
293 2342 359 2396 deus
376 2346 403 2396 te
420 2343 520 2396 nostris
537 2341 642 2411 appulit
661 2341 735 2396 oris?
760 2343 793 2398 Sc
816 2344 868 2398 'cet
884 2344 1008 2414 quoniam
1026 2360 1068 2398 res
1088 2343 1194 2397 tarnim
1214 2343 1309 2407 revisa,

148 2416 206 2467 tam
215 2361 314 2473 laeta,
338 2412 396 2490 tam
419 2408 510 2490 fausta
529 2426 584 2489 non
609 2409 666 2463 sine
692 2410 823 2479 singulari
844 2412 887 2466 dei
913 2411 1027 2465 aliamue
1050 2428 1099 2480 ope
1126 2410 1235 2483 acciit,
1260 2410 1311 2464 hoc

167 2479 227 2534 nasi
244 2495 272 2533 se
289 2494 424 2557 oomgens
442 2479 588 2532 subuert?“
623 2478 664 2532 cf.
682 2478 764 2532 etiam
780 2479 886 2533 Servius
903 2479 938 2534 ad
959 2478 986 2532 b.
1005 2480 1024 2532 l.
1051 2483 1078 2533 et
1094 2480 1160 2533 Aen.
1179 2479 1230 2540 vl,
1253 2481 1311 2533 533.

112 2555 117 2563 ”
149 2499 283 2616 l’elaps'ne
299 2562 374 2600 sensa
390 2546 530 2599 erroribus
547 2553 630 2612 actae,
650 2563 688 2599 ua
704 2547 807 2600 monita
823 2548 935 2602 divom?
953 2580 986 2587 -
1010 2546 1076 2608 338.
1094 2547 1246 2615 ignaram
1264 2551 1312 2601 aut

149 2617 229 2669 huius
248 2614 372 2683 regionis,
393 2630 462 2678 orae,
481 2615 530 2668 aut
548 2617 682 2668 nostrdm:
706 2631 767 2668 eum
790 2614 859 2669 nihil
880 2615 913 2669 de
930 2616 1006 2670 nobis
1025 2615 1068 2669 hic
1085 2615 1311 2669 commorantibus

151 2684 277 2738 novisses.
303 2681 375 2735 illud
393 2680 540 2752 simplicius
557 2683 585 2736 et
598 2682 771 2750 probabilius.
788 2712 821 2722 ·-
838 2685 965 2737 nostris
983 2685 1061 2737 deae
1077 2684 1214 2753 adpulit
1232 2684 1311 2736 oria.

150 2751 192 2806 cf.
211 2750 319 2804 intrav.
334 2753 391 2802 715.
403 2750 500 2803 scarras
513 2751 580 2802 deria
595 2752 706 2820 adpulit
723 2751 788 2805 orie.
803 2779 834 2790 -
852 2750 916 2813 339.
937 2752 1024 2811 Quid
1034 2751 1312 2822 paerAecaoiaa?

152 2820 243 2883 „Haeo
261 2817 374 2872 affectus
396 2817 533 2872 muliebris
554 2817 634 2885 plena
658 2820 686 2873 et
704 2817 903 2873 Andromaches
925 2819 1030 2887 ingenio
1052 2821 1238 2874 consentanea.
1273 2818 1313 2872 De

150 2886 263 2941 Ascanio
283 2885 400 2939 sollicita
422 2888 463 2939 est
484 2901 514 2939 er
534 2885 619 2939 tacita
639 2886 811 3006 Astganactis
836 2887 877 2940 sui
899 2886 1052 2955 [crudeliter
1073 2888 1142 2941 caesi
1166 2890 1194 2941 et
1209 2886 1250 2939 illi
1268 2903 1313 2940 ae·

168 2954 255 3023 naevi]
281 2953 417 3007 memoria.
455 2953 496 3007 Cf.
520 2952 591 3007 infra
617 2970 641 3007 v.
670 2957 720 3007 43
743 2956 801 3022 sq.“
824 2954 914 3024 Heya.
954 2955 1029 3022 Quod
1061 2956 1161 3010 attinet
1186 2953 1220 3009 ad
1249 2954 1314 3008 sim·

178 3040 208 3076 ex
228 3021 324 3085 Quid,
345 3021 402 3074 scil.
421 3021 487 3090 agit,
507 3020 540 3074 cf.
555 3020 619 3074 Geo.
645 3021 695 3088 Ill,
712 3025 770 3075 258.
791 3022 866 3081 Quia
888 3023 1012 3077 invenes?
1028 3022 1094 3077 ibid.
1115 3039 1140 3077 v.
1164 3026 1222 3077 264.
1240 3022 1316 3084 eata

148 3042 1317 3213 int}{aaut1121attinnt?assim-nonan}lint

149 3228 227 3295 gestu
245 3224 334 3294 aliquo
345 3226 449 3279 Aeneae
467 3222 633 3287 concludere,
652 3225 795 3277 Ascanium
814 3224 901 3279 adhuc
918 3227 947 3279 in
964 3227 1030 3280 rivis
1049 3242 1116 3290 esse,
1135 3243 1203 3296 quae
1221 3227 1316 3281 statim

169 3293 240 3362 ergit
256 3292 290 3346 ad
309 3291 422 3345 niteram
440 3291 623 3360 quaestionem
650 3292 683 3346 de
700 3293 815 3346 Creusae
836 3297 916 3348 sorte.
936 3295 1013 3348 Voss.
1038 3294 1146 3364 quidem
1169 3294 1198 3347 in
1218 3294 1313 3363 Progr.

150 3312 261 3415 I(lrucen.
284 3376 311 3428 p.
338 3363 353 3412 3
375 3375 415 3428 sq.
437 3359 587 3439 contendit,
610 3360 692 3414 rerba
715 3369 860 3430 esperone
882 3370 907 3415 et
929 3363 1047 3416 vescitur
1069 3381 1140 3414 aura
1162 3379 1213 3416 non
1236 3379 1314 3432 posse

150 3427 281 3497 disiungi,
303 3426 415 3495 ideoque
432 3427 497 3481 haec
514 3443 603 3481 omma
619 3427 653 3480 ad
671 3427 815 3481 Ascanium
837 3431 969 3498 pertinere
991 3435 1019 3484 et
1039 3447 1064 3484 v.
1082 3434 1139 3484 340.
1157 3431 1316 3484 servandam

149 3513 207 3551 esse
224 3495 366 3549 lectionem
386 3495 484 3563 Quam
501 3495 642 3549 sedetiam
655 3495 792 3560 Ribbeck,
811 3497 857 3565 qni
869 3500 957 3567 putat,
976 3498 1107 3567 quaedam
1118 3497 1162 3552 bic
1178 3498 1315 3561 excidisse,

148 3564 192 3619 vel
206 3563 300 3643 potius
318 3564 424 3630 poetam
443 3563 531 3643 locum
548 3562 869 3642 imperfectumrelictum
886 3566 1030 3635 aliqnando
1042 3583 1094 3619 nno
1106 3566 1224 3620 alterove
1235 3582 1315 3627 versu

150 3631 243 3686 addito
261 3646 293 3682 su
312 3631 384 3699 plere
403 3632 526 3694 voluisse,
544 3631 792 3685 nobiscumfaciens
804 3631 931 3688 adnotat:
951 3634 1134 3697 „DeOreusae
1142 3634 1200 3688 rita
1211 3634 1318 3703 quaerit

149 3647 348 3762 Andromede,
375 3699 418 3752 cui
440 3697 476 3751 ali
496 3715 529 3751 uo
551 3698 628 3751 modo
651 3698 745 3752 statim
771 3715 928 3768 responsum
950 3718 1007 3756 esse
1025 3718 1133 3756 necesse
1149 3704 1191 3756 est
1207 3705 1317 3771 propter

149 3784 175 3821 v.
190 3768 267 3820 attf‘
296 3766 338 3820 Ci.
357 3765 413 3820 eius
427 3715 494 3846 lfroi
529 3807 535 3819 .
553 3784 578 3834 p.
597 3769 628 3845 'lb
647 3783 677 3834 sq
699 3770 717 3831 ‚l
729 3800 761 3808 -
774 3776 802 3821 et
819 3771 967 3823 vescitur
983 3787 1077 3823 aare.
1097 3770 1138 3825 cf.
1158 3768 1261 3823 adnott.
1282 3768 1316 3822 ad

148 3836 214 3889 Aen.
232 3834 255 3897 1,
274 3837 332 3887 546.
367 3833 503 3887 Muleo
523 3784 807 3899 d.e1h1benioaraa,
851 3853 913 3891 uam
936 3843 1007 3907 (post
1024 3837 1141 3891 Broukh.
1165 3837 1199 3891 ad
1216 3836 1316 3889 Tibull.

150 3904 186 3965 Il,
206 3908 229 3969 5,
248 3905 300 3964 63.)
318 3918 408 3955 seram
427 3902 480 3954 sori
499 3905 589 3954 turam
607 3904 698 3956 conset
713 3902 804 3963 Iahu..
857 3908 942 3959 teram
961 3906 1076 3960 fortasse
1094 3922 1125 3959 ex
1143 3906 1169 3969 1,
1189 3907 1245 3957 546.
1263 3903 1316 3957 buo

150 3971 314 4024 translatam
331 3972 456 4050 putans..
474 3919 525 4022 ded
543 3985 604 4022 cam
622 3971 694 4023 nesea¹
710 3969 781 4040 apud
794 3971 941 4041 Vergilium
961 3974 1026 4028 alibi
1045 3990 1175 4044 nusquam
1190 3974 1317 4041 quartum

149 4040 248 4093 Casum
267 4039 418 4099 adscrscat,
437 4037 519 4090 btera
539 4055 553 4089 a
574 4039 665 4091 autem
683 4053 714 4092 ex
739 4039 836 4094 ultimo
853 4042 996 4110 superioris
1016 4059 1108 4095 versus
1126 4039 1253 4094 vocabulo
1271 4039 1320 4094 ad-

150 4107 257 4161 haerere
296 4105 427 4175 potuerit,
458 4105 553 4173 ngn.
582 4104 720 4173 vulgatam
755 4107 816 4162 lect.
849 4112 921 4163 reete
956 4108 1088 4170 defendit.
1125 4125 1204 4176 qaam
1237 4109 1320 4162 ctiam

169 4175 310 4229 osteriores
338 4174 453 4228 editores
482 4188 573 4226 omnes
604 4176 753 4229 servarunt.
796 4175 901 4231 Peerlk.
924 4176 995 4231 hune
1026 4193 1134 4231 versum
1164 4191 1224 4230 eum
1255 4193 1320 4246 qua-

149 4193 212 4296 luor
234 4242 407 4311 sequentibus
427 4244 504 4310 (quos
526 4240 628 4310 Haupt.
651 4258 755 4321 quoque
777 4245 852 4298 uncis
875 4245 985 4299 inclusit
1007 4247 1089 4313 atque
1112 4245 1193 4299 etiam
1218 4245 1321 4306 Gossr.‚

151 4311 269 4390 exceptis
287 4309 365 4363 modo
389 4309 481 4378 primis
504 4309 593 4363 verbis
612 4309 687 4370 Quod
705 4312 947 4379 paterniacenses?
969 4313 1002 4366 ab
1025 4313 1079 4367 alia
1100 4329 1182 4366 manu
1204 4312 1323 4365 adiectos

152 4378 318 4499 qnspreathm)
337 4377 443 4446 spurios
462 4378 560 4456 censet,
580 4377 631 4497 ch
649 4394 730 4432 eausa
747 4379 813 4458 satis
831 4380 883 4433 leri
900 4380 1018 4434 adiecta:
1042 4382 1120 4461 „tlon
1139 4381 1251 4460 decebat
1268 4382 1323 4433 An·

152 4447 1326 4593 stitittrittinstillet}{pltnltsttlffttrl'trelArdeati:

151 4583 295 4658 poneret.“
314 4611 346 4619 -
366 4581 479 4633 Versum
491 4579 555 4659 340.
574 4584 667 4649 optimi
679 4581 761 4635 Codd.
769 4583 956 4663 imperfectum
970 4583 1137 4662 relinquunt...
1155 4583 1225 4651 quod
1238 4585 1326 4663 ipsum

142 4661 201 4698 ram
222 4648 310 4715 docet,
331 4663 391 4701 enm
410 4663 465 4700 non
483 4647 518 4703 ab
535 4649 728 4717 interpolatore
740 4649 829 4721 aliquo
842 4669 899 4705 esse
912 4652 1075 4723 profectum
1093 4650 1328 4706 ah1autemvar1a
