2956 4980
202 237 263 303 488
555 232 591 297 Ρ.
612 229 799 302 VERGILI
819 228 1021 297 MARONIS

203 400 379 484 Migrantis
402 423 518 467 cernas
539 408 670 483 totaque
692 421 733 463 ex
755 398 836 463 urbe
854 399 987 463 ruentis.

203 483 256 548 Ac
272 481 362 548 velut
382 485 546 569 ingentem
568 483 725 549 formicae
745 482 844 547 larris
867 504 1019 547 acervum

203 566 285 633 Cum
310 567 468 653 populant
490 567 606 632 hiemis
627 589 785 632 memores
807 574 955 649 tectoque
977 573 1150 649 reponunt:

203 650 233 714 It
255 652 384 735 nigrum
409 654 534 732 campis
555 672 673 736 agmen
696 650 918 736 praedamque
940 673 998 735 per
1021 647 1141 713 herbas

204 733 407 800 convectant
428 735 510 801 calle
532 742 687 819 angusto:
708 757 787 819 pars
810 732 951 817 grandia
971 733 1107 798 trudunt
1332 744 1381 795 405

109 858 114 867 ·
206 816 358 881 Obnixae
379 819 541 884 frumenta
563 819 721 898 humeris3
743 840 821 902 pars
844 817 975 901 agmina
998 823 1117 901 cogunt

203 899 440 988 castigantque
461 926 588 984 moras3
611 922 710 986 opere
733 902 838 966 omnis
862 901 978 965 semita
998 900 1111 964 servet.

205 1089 412 1097 -ιι---..

202 1202 267 1271 quia
284 1201 434 1256 discessum
454 1203 604 1256 accelerare
624 1203 744 1258 student.
776 1203 885 1268 Fuqam
902 1205 994 1256 antem
1013 1203 1041 1256 et
1059 1201 1206 1267 6869666616
1224 1201 1320 1270 quavis
1340 1216 1381 1253 66-

201 1270 298 1325 leriore
316 1269 401 1330 abitu,
419 1271 462 1323 vel
480 1286 560 1323 curan
578 1271 684 1324 omniuo
702 1270 764 1331 dici,
792 1269 846 1323 iam
865 1269 899 1323 ad
917 1268 981 1324 Gec.
1000 1268 1051 1331 ΠΙ,
1073 1271 1130 1322 142.
1149 1271 1177 1322 et
1194 1269 1261 1323 Aen.
1279 1267 1302 1328 Ι,
1322 1271 1379 1321 317.

201 1339 326 1392 vidimus.
343 1367 376 1375 -
395 1336 458 1397 401.
476 1339 660 1404 miqrantia
676 1368 688 1379 -
707 1368 719 1379 ·
738 1340 766 1392 et
783 1366 818 1379 -·
835 1338 977 1399 recentia,
997 1338 1014 1391 i.
1034 1353 1057 1390 e.
1076 1338 1193 1400 ruentes,
1212 1338 1244 1389 nt
1262 1336 1381 1398 mimn-

202 1409 244 1460 tes
263 1406 414 1471 (festinaret
432 1405 528 1459 solent.
548 1438 579 1445 -
599 1424 721 1459 cernas
738 1407 772 1471 (si
790 1405 870 1467 velis)
887 1406 990 1472 poetice
1007 1421 1055 1473 pro
1073 1422 1204 1458 carceres.
1241 1404 1285 1456 Sic
1303 1403 1380 1467 vm.

201 1477 259 1528 691.
278 1476 377 1528 mutua
394 1475 498 1527 innare.
533 1473 608 1528 Ovid.
628 1475 692 1529 Met.
712 1474 734 1534 Ι,
754 1477 813 1527 262.
837 1472 866 1525 in
887 1474 997 1539 focinus
1016 1475 1123 1525 ires-uase
1139 1480 1226 1538 putea.
1243 1471 1309 1524 ibid.
1331 1471 1378 1528 Xl.

202 1546 259 1596 517.
281 1542 365 1609 iraque
388 1542 489 1603 fretram
511 1544 608 1596 medus
630 1550 714 1595 totum
739 1542 899 1594 descendere
916 1542 1029 1594 eaelum.
1060 1540 1093 1605 X,
1112 1543 1170 1595 654.
1200 1539 1286 1592 Posse
1300 1546 1381 1608 pates

202 1610 269 1663 illos
289 1609 363 1662 eicco
378 1613 461 1676 freta
483 1610 582 1662 rodere
604 1628 691 1680 possa
713 1610 778 1663 cett.
814 1608 855 1661 Cf.
876 1608 909 1661 de
927 1608 977 1663 hoc
995 1607 1148 1677 potentiali,
1175 1623 1254 1678 quern
1274 1608 1378 1669 vocant,

201 1677 328 1745 Optatiro
347 1677 488 1729 uerborum
507 1679 645 1741 cavendi,
670 1677 799 1747 preciadi,
829 1677 965 1740 66616ηά6,
989 1675 1102 1737 serendi.
1124 1675 1239 1728 dicendi
1261 1676 1290 1728 et
1307 1674 1380 1727 simi-

202 1746 269 1798 lium
287 1744 394 1797 Rnhnlr.
413 1744 448 1797 ad
464 1744 524 1798 Ter.
544 1745 626 1799 Andr.
644 1746 666 1804 Ι,
689 1749 710 1809 Ι,
730 1747 787 1798 108.
805 1743 893 1797 Beier.
912 1742 946 1797 ad
965 1744 1019 1797 Cic.
1032 1743 1107 1796 Lael.
1130 1745 1170 1808 25,
1190 1745 1231 1796 96,
1251 1741 1379 1797 Ochsner.

204 1813 239 1865 ad
260 1811 336 1866 Ovid.
355 1812 419 1866 ldet.
439 1813 460 1874 Ι,
488 1813 542 1866 162.
568 1831 594 1882 p.
614 1816 672 1866 517.
691 1811 731 1865 ed.
751 1812 841 1873 Baoh..
860 1811 916 1865 alii.
934 1843 968 1852 -
985 1812 1018 1864 V.
1037 1808 1094 1869 402
1112 1828 1170 1879 sqq.
1189 1827 1220 1864 ex
1237 1809 1379 1878 Apollonio

201 1879 249 1943 IV,
271 1882 335 1932 1452
357 1897 414 1948 sqq.
434 1880 557 1948 sumptos
575 1897 641 1943 esse,
673 1880 788 1934 adnotat
807 1880 901 1948 Heyn.
925 1881 997 1933 recte
1022 1879 1177 1946 vituperans
1201 1894 1254 1936 eos.
1283 1878 1330 1946 qui
1348 1877 1380 1930 de

202 1947 337 2013 dignitate
354 1946 434 2001 huius
453 1948 669 2015 comparationis,
690 1948 765 2002 cuius
784 1947 864 2001 cardo
884 1947 981 2001 nonin
1001 1947 1059 2014 ipso
1078 1945 1258 2000 animantium
1272 1962 1378 2012 genere,

203 2014 249 2068 sed
275 2015 303 2067 in
328 2015 510 2069 festinationis
541 2018 569 2067 et
595 2015 746 2069 industriae
779 2015 888 2067 notione
925 2016 1055 2074 versetur,
1087 2014 1286 2074 dubitaverint3
1319 2029 1378 2065 cnm

203 2083 312 2152 optimis
330 2083 480 2151 quibusque
498 2082 675 2150 scriptoribus
693 2083 775 2136 etiarn
794 2098 810 2135 a
827 2082 917 2150 parvis
936 2083 1016 2136 rebus
1034 2084 1063 2135 et
1081 2081 1244 2137 animalibus
1259 2080 1380 2148 exempla

202 2152 339 2219 petantur,
359 2149 443 2203 veluti
461 2150 539 2202 Hom.
556 2151 588 2204 Il.
608 2150 643 2214 Π,
663 2154 722 2205 469.
739 2150 810 2204 XVI.
830 2153 887 2204 641.
905 2150 1028 2218 Apellen.
1048 2150 1093 2212 IV,
1116 2152 1190 2203 1²98.
1208 2151 1272 2202 cett.
1288 2148 1379 2216 Henry

203 2219 292 2271 antem
319 2217 375 2283 (qui
399 2216 479 2270 etiarn
505 2216 538 2270 cf.
559 2217 587 2270 in
606 2220 661 2272 Tru.
680 2235 760 2286 qenes
777 2218 824 2272 IV.
843 2236 869 2286 p.
890 2219 942 2275 59.l
961 2219 1050 2287 putat.
1082 2220 1188 2284 puttam
1207 2216 1380 2270 formicarum

203 2284 402 2351 comparatione
421 2300 452 2337 ea
469 2284 641 2352 potissimum
660 2286 692 2339 de
712 2302 794 2339 causa
812 2302 891 2339 nsum
909 2303 976 2346 esse,
1006 2283 1071 2355 qnia
1088 2284 1186 2338 Didoni
1214 2301 1246 2338 ex
1272 2301 1379 2337 summa

202 2368 264 2406 aree
286 2367 348 2416 pros
368 2350 459 2406 ieienti
484 2353 519 2419 (v.
545 2357 616 2418 410.)
644 2354 774 2408 abeuntes
798 2354 911 2406 minima
937 2354 1023 2407 sonna
1041 2354 1191 2422 appareant
1207 2368 1316 2411 necesse
1333 2353 1377 2406 sit.

202 2419 262 2475 coll.
282 2418 364 2475 Bas'.
385 2421 510 2473 Heraem.
533 2421 613 2475 Hom.
636 2422 683 2485 VI,
709 2427 747 2484 9.;
781 2421 814 2475 de
840 2422 915 2475 cuins
938 2422 1088 2474 sententiae
1110 2420 1226 2474 veritate
1243 2419 1290 2473 alii
1308 2418 1380 2472 iudi·

202 2489 273 2542 cent.
293 2489 393 2540 —Ac
414 2490 515 2542 velut.
550 2489 663 2543 Comma
686 2490 766 2559 vulgo
808 2491 852 2543 ost
873 2508 908 2542 ue
925 2488 1045 2551 positum
1061 2488 1186 2556 Wagner.
1205 2487 1291 2541 secuti
1310 2487 1379 2540 dele·

201 2556 297 2618 vimus,
328 2572 388 2608 cum
407 2556 568 2609 cohaereant
585 2557 658 2610 velud
675 2576 743 2618 mam,
802 2555 889 2614 6866,
926 2556 985 2611 Vid.
1004 2556 1108 2610 adnott.
1134 2555 1168 2609 ad
1186 2555 1252 2608 Aen.
1271 2556 1293 2615 Ι,
1322 2559 1378 2609 148.

203 2623 307 2675 Vetat
326 2625 416 2676 autern
440 2640 489 2692 pro
512 2624 586 2690 vulg.
609 2626 694 2677 arelati
715 2625 759 2677 hie
782 2641 833 2677 non
861 2624 950 2678 minus
969 2641 1049 2693 qnam
1072 2624 1143 2678 infra
1165 2640 1189 2679 v.
1210 2625 1267 2677 ΙΙΙ.
1285 2625 1315 2676 et
1333 2624 1379 2679 v1.

201 2694 258 2745 707.
282 2706 312 2743 ex
335 2690 445 2756 optimis
462 2690 546 2746 Codd.
569 2693 690 2745 restituit
708 2692 813 2759 Wagn..
843 2708 1005 2754 quamquam
1023 2691 1118 2745 Medic.
1142 2691 1248 2755 vulgari
1271 2690 1380 2745 lectioni

200 2759 290 2812 lavere
313 2757 434 2819 videtum
458 2760 543 2811 cetrati
563 2760 634 2813 enim
652 2765 680 2814 et
698 2762 741 2813 nti
758 2759 830 2825 apud
849 2760 997 2827 Vergilium
1015 2776 1068 2813 non
1086 2760 1137 2812 nisi
1155 2760 1217 2812 ante
1236 2774 1380 2813 consonam

199 2827 287 2879 locum
306 2825 404 2879 babere
424 2826 572 2879 contendit.
602 2827 727 2881 Ceterum
751 2829 849 2880 Waod.
868 2827 933 2880 haec
953 2828 1081 2882 adnotat:
1100 2826 1218 2889 „Omisit
1234 2828 1316 2892 poeta
1334 2845 1380 2880 no-

200 2894 301 2947 tionem
324 2894 446 2947 studiose
468 2895 635 2956 laborantes,
665 2912 746 2965 qnam
768 2897 831 2962 post
853 2910 878 2947 v.
899 2899 958 2948 407.
982 2912 1030 2963 per
1048 2895 1192 2949 formulam
1210 2894 1287 2947 baad
1304 2912 1382 2947 aeota

201 2962 243 3015 vel
262 2961 340 3015 baad
356 2963 441 3043 aliter¹
457 2979 589 3016 annexam
609 2963 785 3034 exspectabis,
804 2966 836 3015 nt
855 2979 880 3013 v.
895 2966 1039 3045 tor—5147.
1059 2963 1162 3016 factum
1180 2963 1253 3042 est.“
1268 2994 1300 3001 —
1314 2960 1379 3020 403.

195 3029 1380 3167 Ι]”Ιὲ0.“Ι,”·6οᾱ6ἒέρ.ῗῖ]“·]0000000000οἸ,’600060066οἹ6Ἔίῖῖ

198 3166 941 3302 treet.tutantia-..latiurtter
965 3165 1208 3288 pgpppegapp
1224 3165 1251 3286 il
1269 3167 1380 3287 0000

199 3317 249 3381 qne
269 3275 351 3354 etianl
369 3300 434 3354 Gco.
452 3301 474 3357 I.
505 3304 560 3381 Ι186.
582 3333 615 3380 3-
633 3310 736 3382 tecto...
760 3302 788 3354 in
808 3300 892 3355 cellis.
912 3333 943 3339 —
961 3299 1029 3360 404.
1057 3302 1112 3367 „It
1135 3302 1268 3381 olerum
1291 3320 1380 3354 cam-

195 3387 251 3490 008
259 3385 401 3501 Vzabl'lede
419 3368 1282 3506 60000000οὴ01006001ῃο6ορ6600400600οθ0668606161106100000(
1293 3373 1380 3490 10660

198 3535 230 3543 -
249 3503 423 3569 Itaqmea,
440 3507 667 3570 praedamque
688 3504 897 3559 Coraoeetaut.
935 3505 995 3558 Vid.
1014 3504 1048 3558 ad
1066 3506 1163 3566 11.31.
1193 3502 1384 3557 Couveetuadi

198 3570 310 3624 verbum
329 3573 436 3637 praeter
453 3571 478 3624 h.
497 3571 517 3624 l.
535 3573 563 3622 et
581 3572 643 3628 Vll.
663 3577 721 3626 749.
741 3572 798 3635 (ubi
816 3572 917 3640 pariter
934 3573 1049 3637 legimus
1069 3579 1229 3625 contrectare
1246 3575 1381 3634 praedast

198 3654 250 3690 uon
270 3637 322 3689 nisi
340 3638 412 3706 apud
430 3638 491 3691 Tac.
510 3639 582 3692 Hist.
602 3640 652 3696 111.
675 3644 715 3694 27.
734 3640 841 3694 videtur
858 3640 979 3694 inveniri.
1010 3641 1086 3694 Infra
1103 3639 1150 3702 ΙΙΙ,
1169 3642 1228 3692 613.
1247 3638 1319 3692 idem
1337 3643 1381 3693 est

198 3712 372 3773 comportare
387 3708 519 3774 praedas.
541 3738 573 3744 ψ·
593 3704 659 3766 405.
679 3709 749 3761 call
756 3725 769 3759 e
789 3715 938 3776 caperato.
959 3708 1001 3761 Gl.
1021 3708 1085 3763 Gco.
1105 3709 1127 3772 Ι,
1147 3711 1203 3761 380.
1221 3706 1313 3775 ibique
1332 3708 1380 3761 ad-

198 3773 268 3825 nott.
287 3804 319 3810 —
337 3775 478 3826 trandent
496 3804 507 3814 -
527 3803 539 3814 -
557 3775 712 3835 bamaria.
740 3793 808 3835 uuae
830 3780 939 3845 portare
961 3793 1013 3829 non
1033 3777 1156 3845 possunt.
1191 3775 1289 3827 Totum
1307 3774 1380 3828 hunc

197 3842 286 3895 locum
305 3841 430 3894 imitatus
448 3842 490 3895 cst
509 3841 631 3897 Ambros.
650 3845 717 3897 Her.
736 3844 783 3906 VI,
803 3848 827 3906 Ι,
852 3847 891 3897 16.
910 3846 937 3902 (a
955 3843 1042 3897 Wold.
1062 3843 1206 3897 Ribbeckio
1224 3841 1308 3896 landa
1338 3845 1381 3894 ai-

196 3927 249 3978 qro
264 3907 451 3962 'convectu-tur
480 3911 587 3976 aqmiae
609 3915 719 3980 pracda
739 3930 792 3982 per
817 3930 929 3981 campos
948 3945 957 3952 -
976 3944 987 3953 -
1005 3945 1015 3953 ·
1034 3919 1060 3964 et
1085 3929 1156 3980 qaue
1183 3910 1383 3980 corraprebeada'

198 3986 313 4043 ariperto
341 3996 389 4031 ore
406 3996 460 4031 noo
478 3987 600 4041 potarunt,
629 3981 747 4033 hermera'r
763 3981 885 4047 prandia
906 3982 1043 4037 frumenta
1060 3982 1217 4032 traduntur.
1253 3977 1380 4033 Ambros.

198 4045 283 4111 igitur
305 4048 419 4099 tradunt
441 4046 550 4099 ridetur
565 4047 673 4111 legisse,
706 4047 780 4101 cuius
798 4047 922 4101 lectionis
940 4047 967 4100 in
986 4047 1069 4100 Codd.
1090 4046 1189 4100 nostris
1209 4044 1317 4099 nullum
1337 4047 1380 4098 iu·

196 4115 304 4168 venitur
320 4113 476 4180 vestigium.
496 4145 527 4152 -
545 4114 611 4173 400.
645 4115 798 4181 ..Coqere
815 4133 944 4178 numen,
968 4115 1067 4168 locutio
1086 4130 1164 4182 saepe
1183 4130 1199 4166 a
1218 4130 1246 4166 ra
1264 4113 1380 4167 militari

197 4182 231 4236 ad
258 4183 310 4236 alia
333 4183 478 4246 translata.
504 4186 653 4251 usurpatur
677 4183 709 4236 de
735 4183 777 4241 iis.
810 4184 856 4252 qui
879 4199 976 4249 a„‹rmen
995 4182 1125 4237 claudunt
1146 4197 1175 4234 eo
1194 4179 1314 4236 consilio.
1347 4185 1380 4235 ut

197 4252 333 4304 morantes
353 4251 493 4304 coerceant
513 4251 540 4302 et
561 4267 577 4302 a
595 4251 696 4319 rapinis
715 4251 903 4320 prohibeant.“
926 4251 1026 4305 Wuud.
1050 4250 1093 4302 uf.
1111 4250 1225 4310 Herzog.
1244 4249 1278 4302 ad
1298 4249 1377 4303 Caes.

197 4319 229 4371 B.
248 4318 280 4371 G.
300 4319 322 4383 l,
344 4323 366 4370 Ι.
390 4348 421 4355 -
439 4317 504 4376 407.
537 4319 722 4398 6666696666,
743 4320 862 4387 praviter
880 4320 1048 4387 vituperant:
1072 4318 1112 4397 el..
1124 4317 1156 4377 V,
1176 4320 1234 4370 38¹1.
1252 4316 1298 4396 Vl,
1319 4322 1380 4373 567,

194 4384 1316 4519 6600ἒο603600000060008(00ἑί,Ι000ΙΙΙΙΙΙΙΞΙΙΙΙΙΙΙΙΙ
1337 4402 1378 4512 0,

194 4525 219 4579 3,
239 4526 278 4576 21.
298 4538 409 4575 arerem
426 4521 469 4572 bia
486 4521 607 4573 ruodbua
624 4524 702 4575 dubit
719 4539 794 4575 necao
813 4539 873 4587 pro:
893 4520 993 4573 homini
1012 4521 1049 4573 sic
1068 4523 1182 4574 morato.
1217 4520 1288 4573 Stat.
1307 4521 1375 4575 Silv.

194 4589 244 4648 ΠΙ,
264 4593 288 4645 2,
309 4592 351 4640 st.
370 4595 409 4639 tot
425 4588 528 4650 praelii
545 4588 621 4653 liquo
641 4590 784 4656 cornplceo
803 4590 912 4640 timores
928 4604 989 4656 pro:
1020 4590 1127 4648 amicos.
1154 4604 1201 4655 pro
1219 4588 1317 4655 quibua
1338 4588 1375 4640 ti-

194 4671 297 4709 memus
315 4657 390 4719 cett.)
403 4684 436 4692 —
449 4655 539 4707 Verba
558 4672 659 4727 opere
678 4657 784 4709 omnia
803 4656 921 4724 scmjita
939 4659 1054 4722 fervet
1071 4658 1232 4728 repetuntur
1245 4656 1272 4709 in
1284 4656 1370 4712 Anth.
