2956 4980
465 217 696 286 AENEIDOS
717 219 802 286 LIB.
823 220 880 288 IV.

81 386 250 464 Destruet,
272 393 329 452 aut
350 394 481 486 captam
500 386 600 452 ducat
622 384 781 468 Gaetulus
802 386 942 453 Iarbas?

82 469 205 535 Saltem
229 471 258 534 si
279 492 345 556 qua
367 469 446 534 mihi
468 469 509 535 de
534 480 566 535 te
587 493 680 536 susce
704 478 739 535 ta
759 471 874 536 fuisset

80 553 168 618 Ante
189 552 301 639 fugam
324 551 465 636 suboles,
489 556 517 619 si
539 555 613 641 quis
633 555 676 617 m'
704 555 711 569 “
735 553 894 641 parvulus
917 553 992 619 aula

82 635 228 701 Luderet
247 635 387 720 Aeneas,
407 638 463 737 qui
485 648 517 700 te
542 649 650 702 tamen
671 659 727 702 ore
748 637 893 718 referret,

82 719 156 784 Non
177 718 325 819 equidem
348 741 478 785 ommno
501 729 601 807 capta
622 742 661 784 ee
684 718 813 786 deserta
834 720 996 785 viderer.“
1119 743 1123 780 l
1204 738 1255 790 330

164 802 316 868 Dixerat.
360 802 420 868 llle
440 802 531 869 Iovis
553 804 684 869 monitis
706 805 830 868 inmota
852 802 984 869 tenebat

83 886 226 952 Lumina
248 896 281 951 et
303 885 444 952 obnixus
467 909 581 953 curam
602 885 662 952 sub
685 886 783 953 corde
805 886 984 974 premebat.

83 969 232 1036 Tandem
254 991 360 1057 pauca
381 970 501 1036 refert:
523 971 617 1055 „Ego
636 979 678 1053 te,
702 991 785 1057 quae
806 970 949 1058 plurima
968 972 1067 1039 fando

82 1254 110 1307 in
131 1253 183 1308 hae
208 1253 307 1321 terra?
341 1252 402 1308 Non
425 1270 535 1324 possum
553 1254 581 1308 in
597 1254 690 1309 Africa
707 1270 824 1318 manere,
848 1256 871 1309 si
890 1258 923 1310 tu
941 1258 1031 1314 abeas.
1067 1259 1104 1314 Et
1121 1278 1186 1317 sane
1202 1261 1257 1316 iam

81 1321 189 1376 Seruius
207 1322 260 1376 scri
293 1321 328 1375 it:
347 1324 458 1386 „utrum
475 1321 540 1392 quid
557 1323 586 1376 in
605 1322 656 1377 hac
673 1324 747 1379 terra
764 1339 861 1387 moror,
881 1341 915 1378 an
934 1326 999 1396 quid
1017 1328 1045 1381 in
1057 1328 1114 1382 vita
1127 1330 1255 1384 moror?“

82 1389 131 1444 sed
156 1389 213 1444 iure
241 1389 325 1444 e'am
349 1389 501 1459 Conington
530 1389 600 1444 hanc
632 1391 747 1446 alteram
770 1408 785 1446 e
819 1391 975 1448 licatmnem
998 1396 1123 1465 praefert.
1147 1428 1180 1436 —
1202 1416 1255 1460 aa,

82 1457 140 1511 scil.
163 1473 259 1522 morer,
286 1457 357 1527 quod
380 1474 411 1513 ex
435 1457 656 1513 antecedentibus
685 1476 717 1514 su
736 1458 800 1529 plen
821 1477 866 1514 um
892 1477 960 1527 esse,
987 1464 1099 1533 quisue
1125 1465 1204 1520 ridet.
1223 1497 1256 1505 -

82 1541 155 1605 mpa
176 1524 411 1606 Pypmalioug
428 1555 440 1566 -
455 1527 629 1606 destruat!
659 1476 735 1597 quod
761 1542 866 1597 semper
893 1531 927 1585 ab
955 1547 985 1584 eo
1012 1481 1071 1586 ordi
1097 1533 1256 1588 timendum.

82 1592 145 1646 Vid.
165 1592 188 1656 1,
216 1595 266 1646 346
288 1609 319 1663 sq
340 1634 357 1658 .,
382 1611 516 1663 imprimas
540 1596 589 1648 36⁰
612 1611 669 1665 sqq.
687 1628 720 1636 -
737 1591 803 1656 326.
839 1596 1007 1652 Gaetulus
1026 1600 1161 1664 Iarbae,
1190 1604 1209 1654 i.
1233 1617 1257 1656 e.

83 1659 191 1739 omnino
213 1659 286 1716 Ater.
321 1610 382 1715 ion
405 1662 477 1742 enirn
498 1661 674 1717 Gaetulorum
695 1662 739 1731 (de
768 1663 865 1733 quibus
888 1664 941 1720 rid.
965 1682 998 1720 su
1017 1683 1048 1721 ra
1071 1684 1097 1721 v.
1119 1672 1181 1733 lu),
1210 1667 1257 1723 sed

82 1728 283 1782 Mantanornm
306 1743 397 1809 regem
419 1728 502 1784 fnisse
527 1729 644 1793 larbam,
671 1747 703 1785 su
722 1747 753 1786 ra
777 1729 812 1784 ad
835 1747 857 1786 v.
880 1736 936 1787 196.
959 1734 986 1788 ri
1006 1735 1083 1790 imus.
1119 1735 1258 1804 Spectavit

83 1795 155 1850 hunc
179 1795 268 1850 locum
290 1794 369 1851 Ond.
386 1796 450 1852 Her.
469 1796 530 1859 VII,
556 1800 612 1852 125.
692 1799 697 1811 ’
739 1799 850 1853 ducum
872 1801 991 1855 vinctim
1008 1802 1128 1858 aarum
1149 1806 1259 1858 madere

84 1863 206 1917 Iarbae?
222 1863 264 1918 ef.
284 1863 321 1917 id.
340 1864 414 1919 Fast.
432 1865 483 1927 111,
502 1868 561 1919 551.
582 1896 615 1905 -
633 1864 689 1928 327
710 1882 768 1936 sqq.
787 1866 898 1922 Utinam
918 1869 961 1922 vel
978 1869 1064 1925 fllium
1081 1874 1121 1926 de
1139 1878 1180 1936 te,
1201 1872 1219 1926 i.
1233 1887 1257 1925 e.

85 1947 116 1985 er
133 1932 170 1996 te,
191 1933 349 2000 susceptum
366 1931 501 1997 haberem,
525 1933 571 2002 qni
589 1933 656 1988 mihi
672 1934 765 1989 vultus
782 1937 845 1988 tuos
862 1939 1062 2005 repraesentare
1080 1941 1179 2008 posset.
1215 1939 1258 1994 Oi.

85 1997 186 2053 similes
208 1997 281 2053 locos
298 1999 359 2053 Vel.
377 1999 420 2053 al.
438 2000 489 2068 111,
514 2003 564 2055 316
588 2019 601 2055 s
622 2043 628 2056 .
659 2000 754 2057 Claud.
772 2001 805 2056 R.
823 2002 901 2057 Pros.
917 2003 940 2069 1,
966 2009 1022 2060 110.
1050 2006 1141 2062 Senec.
1160 2006 1255 2061 Troad.

84 2069 133 2120 647
152 2081 185 2146 qq
205 2110 211 2146 :
230 2068 280 2121 ete.
315 2066 424 2123 Temere
448 2070 540 2122 autem
558 2068 586 2122 in
602 2018 655 2125 icc
672 2070 739 2134 loco,
764 2085 817 2124 non
836 2086 900 2126 sane
917 2087 949 2126 ex
970 2075 1088 2128 nostro
1112 2091 1192 2129 sensu
1210 2074 1257 2128 de-

84 2133 140 2188 cori
156 2150 185 2187 1n
214 2133 307 2198 cando,
332 2138 472 2205 tamqnam
491 2135 565 2204 turpi
583 2137 611 2190 et
628 2136 768 2192 inducente
785 2136 931 2193 haeserunt
946 2138 1118 2211 interpretes,
1142 2157 1195 2196 non
1213 2157 1258 2195 co·

84 2202 213 2271 gitantes,
242 2205 366 2257 veterum
386 2202 497 2258 heroum
521 2203 654 2258 sentiendi
677 2207 706 2258 et
728 2205 826 2274 agendi
847 2206 979 2262 rationem
1000 2225 1018 2263 a
1040 2212 1135 2264 nostra
1160 2208 1258 2263 mirum

85 2271 217 2338 quantum
235 2268 395 2338 discrepare.
413 2303 446 2311 -
465 2270 648 2340 Suscipere
664 2274 764 2337 antem,
784 2272 855 2341 qnod
891 2274 1030 2345 lerumqne
1048 2277 1081 2332 de
1098 2280 1175 2348 patre
1193 2277 1258 2331 dici-

85 2336 419 2460 rmururrl
434 2337 737 2461 teneatue
755 2291 1014 2464 retine
1171 2345 1256 2479 ue

86 2472 142 2526 noli
161 2471 323 2527 confundere
340 2488 402 2527 cum
419 2473 573 2543 concipere.
592 2473 633 2527 De
650 2473 751 2528 femina
768 2473 868 2528 dicitur
884 2491 910 2528 v.
930 2452 1150 2548 c.Plai1t.llpid.
1167 2479 1214 2546 IV,
1236 2454 1258 2543 1:

85 2543 128 2592 34.
157 2539 272 2604 Filiam,
358 2558 384 2594 m
412 2557 444 2594 cc
475 2548 499 2595 te
521 2557 581 2595 auc
623 2541 686 2596 1-
704 2537 769 2602 828.
801 2541 879 2596 Hunc
900 2543 989 2598 locum
1012 2548 1076 2601 ante
1098 2546 1188 2602 oculos
1210 2546 1258 2602 ha·

85 2607 203 2662 buerunt
218 2559 399 2677 Appfflet.
417 2609 449 2664 V.

85 2675 155 2730 ciem
171 2682 254 2742 tuum,
278 2677 305 2729 et
323 2674 443 2730 Paullin.
463 2625 552 2730 germ.
571 2678 612 2729 21.
642 2677 682 2756 aa
705 2694 777 2731 auec
797 2675 827 2729 in
849 2695 867 2730 a
932 2680 1070 2750 parmatus
1093 2682 1167 2737 ladit
1184 2683 1258 2751 Dei,·

86 2742 252 2813 eundemque
274 2742 447 2798 obversatum
469 2759 526 2799 esse
549 2743 672 2798 iuvenali
693 2745 726 2807 V,
754 2747 810 2798 13⁸.
838 2745 942 2811 (nullas
964 2748 1016 2802 tibi
1033 2751 1171 2818 pervelm
1191 2750 1259 2804 melu

87 2810 198 2865 Lmen't
214 2811 330 2875 Aeneae,
359 2828 409 2866 uec
424 2811 492 2880 filia
510 2812 622 2866 drclcim
638 2810 711 2878 illo),
735 2811 790 2865 iam
808 2810 855 2865 alii
872 2819 1064 2871 memorarunt.
1083 2849 1117 2857 —
1135 2818 1168 2871 ei
1184 2819 1260 2886 quis

87 2906 99 2919 ·
117 2907 129 2918 ·
142 2878 314 2949 paruulus
330 2879 468 2934 Aeneas.
502 2879 564 2934 Vid.
583 2879 690 2934 adnott.
710 2879 744 2933 ad
761 2878 827 2934 Aen.
846 2878 869 2941 I,
889 2883 945 2935 let.
972 2883 1032 2937 Iam
1049 2884 1136 2938 Corda
1153 2900 1259 2953 compa·

85 2949 131 3001 rat
144 2945 293 3016 parendum
312 2948 482 3017 Torquentem
498 2964 541 3071 τὲ.
559 2947 659 3002 catull.
678 2947 749 3014 LXI,
772 2949 830 3000 212.
850 2978 881 2987 —-
898 2945 963 3010 329.
987 2951 1047 3020 qai
1061 2959 1091 3004 te
1108 2959 1213 3006 tamea
1232 2969 1258 3006 o.

538 3033 552 3070 r

86 3013 268 3136 {tillidi
281 3015 529 3137 {iillltlitie
553 3013 839 3137 multitia
853 3016 1260 3142 tmtrtttltttltti

86 3098 444 3284 ,cl
457 3150 1262 3277 „f

87 3284 189 3339 similes
219 3284 302 3338 locos.
337 3258 463 3339 i'eterum
480 3234 539 3338 pvid.
562 3258 597 3339 ad
614 3263 650 3347 11',
672 3288 714 3339 27.
748 3286 841 3355 Henry
859 3288 929 3355 (lie.
953 3306 1034 3358 years
1092 3330 1098 3344 .
1121 3306 1147 3358 p.
1165 3291 1205 3344 49.
1232 3291 1260 3342 et

86 3351 183 3406 Philol
207 3350 267 3406 XII.
291 3368 317 3420 p.
342 3353 412 3418 259.)
443 3351 563 3421 praefert
585 3351 668 3406 codd.
698 3351 865 3422 quorundam
890 3354 1030 3411 deterioris
1052 3360 1132 3412 notae
1162 3358 1202 3423 (et
1228 3360 1260 3409 22

87 3418 195 3489 quidem
217 3418 288 3472 inter
311 3422 352 3483 40,
384 3435 450 3488 quos
473 3419 598 3486 eontulit)
621 3418 764 3474 lectionem
794 3426 907 3489 tomum,
938 3439 999 3478 cum
1020 3424 1092 3478 filius
1116 3439 1169 3478 non
1188 3426 1260 3479 esset

84 3485 225 3556 parmulae
242 3486 357 3550 Aeneae,
379 3486 432 3540 nisi
449 3503 497 3541 ore
513 3488 631 3557 reservet
643 3494 754 3557 patrem
773 3486 809 3558 (l)
851 3505 934 3558 qnare
952 3492 1043 3561 potins
1061 3509 1127 3563 opus
1146 3492 1183 3546 sit
1200 3507 1260 3547 sen·

87 3552 188 3607 tentia:
218 3553 263 3621 qui
285 3568 331 3606 ore
347 3555 464 3615 tanturn,
493 3570 547 3609 non
565 3555 653 3610 animo
671 3554 747 3618 duro,
769 3572 806 3626 pa
834 3556 957 3613 ‘similis
974 3562 1059 3623 esset3
1108 3560 1161 3615 uod
1179 3560 1260 3614 nimis

87 3620 240 3691 quaesitum
257 3620 463 3700 videtur-etque
480 3623 563 3677 etiam
581 3639 599 3677 a
616 3623 784 3693 Coningtons
801 3628 981 3694 oppugnatur.
1000 3658 1031 3668 —
1108 3673 1113 3684 .
1136 3635 1260 3698 „capta

87 3706 127 3743 ac
148 3690 284 3742 deserta
303 3691 423 3756 graviter
445 3706 493 3759 pro
516 3690 611 3745 relicta
632 3707 649 3745 a
671 3693 707 3754 te,
737 3707 798 3746 cum
824 3697 948 3763 respectu
969 3696 1004 3751 ad
1021 3695 1128 3751 larbam
1147 3712 1170 3750 v.
1191 3700 1259 3758 3²6,

87 3757 131 3811 cui
148 3771 181 3810 ne
199 3754 395 3825 relinqueretur
413 3758 519 3825 captiva
535 3758 701 3827 abducenda,
720 3760 890 3815 verebatur.“
921 3763 1011 3834 Hepu.
1048 3764 1139 3819 Gessr.
1158 3766 1258 3826 temen,

88 3824 202 3879 haerens
219 3823 247 3876 in
264 3839 321 3877 voc.
338 3832 430 3894 captu,
453 3842 544 3879 omnes
563 3827 680 3896 quatuor
697 3843 790 3881 versus
808 3831 960 3893 326-330,
983 3847 1049 3901 quos
1067 3832 1121 3887 iam
1146 3832 1259 3885 Iuvena-

87 3894 139 3947 lem
158 3891 201 3947 hic
219 3891 315 3961 legisse
332 3891 411 3945 medo
429 3892 552 3956 vidimus,
579 3894 636 3949 sine
655 3894 729 3949 iusta
747 3910 827 3950 cansa
846 3895 965 3966 Vergilio
987 3898 1126 3954 abiudicat
1143 3903 1172 3953 st
1189 3898 1261 3951 hunc

25 4022 27 4027 y
87 3961 177 4016 locum
199 3960 253 4014 ism
275 3962 339 4014 ante
356 3958 490 4015 Iuvenalis
515 3964 638 4030 tempora
662 3962 855 4031 interpolatum
877 3968 975 4030 censet,
1007 3981 1087 4035 quam
1109 3965 1261 4035 opinionem

88 4030 172 4083 etiarn
192 4027 277 4081 Conin
311 4043 344 4081 on
373 4031 445 4083 recte
474 4028 571 4093 reiicit,
601 4028 683 4083 simul
706 4028 782 4085 Orid.
804 4029 867 4085 Her.
893 4032 954 4101 VII,
989 4037 1036 4087 1³5
1058 4050 1116 4103 sqq.
1146 4030 1261 4086 conferri

88 4096 191 4151 iubens.
209 4125 242 4135 -
260 4093 278 4154 3
299 4093 323 4153 l.
353 4094 448 4175 lepis
464 4097 618 4177 monitis,
638 4096 680 4165 ob,
693 4099 808 4178 propte!
826 4097 897 4153 Iovis
916 4099 1032 4163 monita3
1050 4117 1109 4180 non⁴
1121 4100 1261 4153 immemor

88 4162 1068 4314 {ltuutlltttttilttlttllttmdtttttftt
1083 4166 1259 4289 titiani:

89 4299 212 4370 explicet,
239 4314 397 4368 comparans
419 4300 492 4355 infra
514 4317 538 4357 v.
559 4305 608 4355 369
625 4316 664 4421 sq.
687 4299 780 4353 Bnrm.
799 4299 903 4355 confert
921 4302 997 4358 Ond.
1016 4302 1081 4356 liet.
1099 4302 1135 4369 ΙΙ,
1153 4306 1217 4382 50..
1240 4341 1260 4380 ·,

89 4370 145 4422 ³05.
163 4367 235 4431 XIV,
254 4370 312 4422 593.
331 4397 365 4405 -
382 4364 446 4429 832.
465 4386 589 4431 curam,
609 4367 736 4429 doorem,
754 4385 775 4421 a.
795 4383 818 4421 c.
833 4370 1011 4436 premebat.
1028 4368 1089 4423 Vid.
1099 4368 1122 4437 1,
1132 4371 1191 4424 209.
1210 4368 1261 4422 ibr-

107 4449 141 4488 ue
162 4435 267 4489 ednott.
286 4464 319 4474 ·—
336 4433 401 4496 333.
431 4435 519 4492 Verba
539 4437 689 4492 Tandem
736 4452 822 4489 cuca
842 4451 879 4489 re
902 4444 953 4492 ert
972 4437 1107 4492 iterantur
1130 4437 1159 4490 in
1177 4435 1259 4490 luth.

129 4502 149 4555 t.
168 4502 190 4565 I,
214 4505 272 4569 170,
295 4504 335 4557 92.
365 4502 434 4557 (ium
451 4520 505 4560 non
553 4522 649 4566 accc,
668 4519 696 4557 se
733 4501 800 4557 satis
818 4504 876 4558 mul
924 4505 988 4568 sint,
1012 4520 1081 4575 quae
1099 4502 1202 4560 Aeneas
1220 4519 1262 4558 re·

90 4568 230 4637 spondeat,
250 4572 283 4623 nt
298 4569 396 4623 Didoni
412 4587 494 4640 parsu
530 4588 562 4629 ea
607 4571 722 4626 inritum
739 4586 768 4625 se
786 4569 930 4639 laudere,
949 4574 978 4627 et
994 4588 1018 4627 r.
1037 4576 1095 4627 337.
1115 4573 1262 4643 sequentur

91 4635 171 4690 rerba
190 4654 243 4706 pro
268 4652 299 4691 re
317 4654 413 4706 pauca
430 4640 538 4708 loquor,
593 4637 673 4696 eerlk.
691 4638 758 4693 coni.
777 4638 854 4693 dicta
871 4644 967 4712 refert,
999 4640 1070 4710 quod
1087 4656 1164 4696 nemo
1182 4639 1261 4696 facile

487 2611 570 2662 .345.
616 2610 643 2663 ic
664 2610 693 2662 in
714 2610 766 2663 doc
782 2608 878 2664 aulum
915 2611 1013 2666 urascio
1032 2631 1194 2683 copposcam
1211 2617 1259 2680 fc·
1352 2608 1360 2624 ⁴
