2812 4974
438 235 669 305 AENEIDOS
689 238 772 308 LIB.
792 237 819 308 Ι.

80 400 144 481 Quae
161 425 226 481 nos,
245 403 401 492 reliquias
422 403 585 484 Danaum,
607 415 780 495 terraeque
802 409 967 495 marisque

81 485 204 550 Omnibus
229 487 406 554 exhaustos
426 491 491 553 iam
514 489 655 570 casibus,
678 492 822 556 omnium
844 514 962 577 egenos
1102 570 1105 575 Ι

79 567 150 647 Urbe,
168 568 258 635 domo
279 572 395 652 socias,
416 581 526 657 grates
547 573 735 660 persolvere
758 573 875 674 dignas
1165 587 1216 640 600

80 650 130 715 Non
153 654 215 738 opis
237 663 284 717 est
304 664 446 736 nostrae,
469 655 569 739 Dido,
590 678 651 721 nee
674 657 833 744 quidqurd
854 656 974 746 ubique
1000 665 1050 724 est

80 731 164 798 Gentis
186 735 381 815 Dardaniae,
402 761 556 824 magnum
579 762 662 826 quae
681 762 798 826 sparsa
819 764 879 828 per
902 741 1023 807 orbem.

79 815 111 881 Di
127 816 181 902 tibi,
200 820 228 884 si
248 842 313 908 qua
334 821 407 910 pios
427 828 612 908 respectant
635 825 779 908 numina,
815 827 842 890 si
865 825 943 911 quid

80 1003 250 1017 ———

79 1134 183 1189 nocuerat
197 1137 316 1203 Aeneas,
338 1153 416 1204 quern
440 1138 579 1193 misereret
601 1138 785 1194 Troianorum.
809 1171 843 1180 —
869 1139 935 1202 598.
957 1141 1126 1210 reliquiar
1146 1143 1212 1195 Da·

79 1221 157 1264 noso,
172 1220 186 1258 a
200 1205 299 1259 Danais
318 1205 434 1268 relictos,
454 1208 541 1267 stram
562 1207 738 1260 Troianorum
757 1208 792 1261 ab
809 1207 919 1260 Achivis
938 1207 1026 1261 tactae
1043 1226 1075 1262 sn
1095 1211 1210 1263 erstitea.

79 1269 383 1339 mosomensem,
396 1278 437 1327 97.
450 1305 483 1313 -
495 1274 559 1335 599.
574 1275 759 1338 exhaustos,
770 1275 889 1336 attritos,
902 1277 1019 1329 vexatos.
1030 1275 1070 1330 Cf.
1118 1279 1152 1329 rt.
1165 1276 1211 1338 IV,

80 1340 109 1389 16.
122 1343 173 1391 extr.
188 1359 305 1409 corpora
322 1349 399 1395 tanto
417 1360 499 1394 carrea
518 1342 656 1396 cotonea.
674 1342 775 1395 Lucan.
790 1343 836 1407 IV,
850 1345 907 1398 638.
929 1342 1054 1396 &barreti
1065 1345 1213 1395 madoribus

79 1413 140 1483 ortuo.
153 1407 182 1469 Π,
200 1411 255 1462 346.
272 1417 359 1489 partu
375 1410 506 1462 colmam
524 1412 574 1463 etc.
594 1409 638 1475 (cf.
659 1410 740 1463 etiarn
759 1409 822 1463 Geo.
841 1410 887 1476 IV,
912 1411 981 1476 248.)
1007 1408 1050 1462 Sic
1069 1427 1110 1463 res
1131 1410 1212 1463 ondet

79 1470 186 1527 belocus
208 1476 296 1529 serbis
326 1492 357 1529 su
377 1493 408 1530 rs
426 1494 450 1531 r.
472 1480 528 1530 240,
547 1477 633 1530 lectis.
657 1483 697 1530 tot
718 1478 827 1530 caribnae
858 1485 944 1530 actos.
979 1477 1054 1531 Unus
1083 1478 1116 1530 Rr
1136 1478 1210 1533 bech.

79 1538 188 1594 ohne.
208 1542 259 1605 lv,
285 1547 325 1597 14.
378 1585 385 1607 ,
409 1548 449 1599 57.
468 1548 496 1598 et
516 1545 567 1607 XI,
593 1548 650 1598 256.
674 1544 771 1612 fragm.
801 1544 903 1598 Vota
933 1562 969 1598 m.
998 1562 1038 1613 pr.
1069 1544 1211 1599 lectionem

79 1608 180 1662 almoth
206 1612 319 1680 recepit,
351 1628 432 1680 qnam
462 1627 526 1665 sane
558 1612 641 1666 etiam
669 1613 743 1666 Serv.
776 1628 920 1679 agnoscere
949 1611 1070 1679 videtur,
1102 1612 1212 1667 lectioni

80 1673 188 1752 culmosos
207 1677 271 1731 haec
302 1678 443 1733 adiiciens:
475 1680 537 1743 „Sic
559 1683 663 1734 veteres
687 1679 813 1735 dicebant
836 1681 942 1733 cladem
961 1679 1054 1744 hausi,
1072 1680 1090 1732 i.
1110 1697 1134 1733 e.
1152 1697 1212 1749 per-

79 1740 136 1793 tuh.“
149 1743 191 1797 Sed
210 1746 290 1800 etiam
308 1745 413 1800 Peerlk.
431 1747 575 1800 cabaneros
591 1748 635 1800 hie
653 1747 752 1815 requiri
762 1748 847 1801 docet.
857 1776 890 1784 —
907 1747 1058 1815 Conington
1071 1751 1211 1810 memorat,

79 1806 113 1860 boo
126 1826 192 1865 unum
208 1829 265 1866 esse
284 1830 356 1867 exem
377 1814 433 1867 lum
453 1814 570 1868 Genitiri
591 1817 729 1867 omnium
745 1830 762 1867 a
779 1814 899 1883 Vergilio
921 1815 994 1883 epioe
1009 1817 1095 1869 metro
1107 1830 1212 1868 accom-

78 1875 157 1955 modati
182 1909 213 1916 —
240 1881 306 1941 600.
370 1881 424 1935 old.
448 1882 573 1936 Ribbeck.
604 1881 717 1935 conferri
747 1882 824 1936 iubet
849 1885 943 1968 poetae
969 1884 1041 1950 trag.
1069 1883 1151 1935 verba
1167 1899 1210 1952 ap.

80 1942 155 1997 iehan.
170 1947 199 2001 V.
215 1947 286 2002 Hist.
309 1948 365 2011 ΠΙ,
387 1952 442 2002 129.
464 1949 506 2016 (fr.
526 1950 618 2018 adesp.
639 1953 695 2003 167.
712 1950 827 2006 Nauchl
845 1953 958 2012 απολις,
979 1946 1091 2010 ἄνοικτος
1109 1952 1158 2003 eto.
1178 1978 1212 1988 -

76 2013 163 2068 sorim.
193 2015 231 2068 cf.
255 2032 337 2084 snpra
362 2032 388 2069 s.
412 2021 470 2070 573.
507 2016 623 2070 sociare
649 2018 740 2071 antem
765 2020 843 2081 rebe,
866 2019 946 2069 ‹lorrw
971 2033 1020 2086 pro
1042 2016 1158 2084 recipere
1183 2016 1211 2070 in

77 2078 153 2144 uben,
172 2081 197 2135 in
217 2083 310 2137 domos
329 2084 447 2152 positum
469 2101 540 2146 esse,
560 2085 673 2154 quisque
691 2084 773 2138 videt.
810 2085 936 2138 Ceterum
953 2083 1019 2137 haec
1038 2083 1099 2145 duo,
1118 2086 1211 2137 orbem

76 2147 95 2196 et
109 2149 186 2202 domos
208 2168 229 2203 s.
247 2159 332 2214 ueta,
361 2150 433 2205 haud
460 2169 519 2205 raro
544 2152 668 2220 coniungi
690 2154 822 2206 memorat
838 2151 939 2211 Burm.‚
960 2150 1020 2204 coll.
1040 2151 1097 2204 Liv.
1116 2151 1163 2215 IX,
1184 2155 1208 2214 7,

74 2215 91 2264 l.
104 2213 164 2269 ond.
180 2217 264 2287 Epist.
282 2219 330 2279 VI,
349 2224 390 2273 55.
409 2220 448 2281 (et
463 2219 529 2274 Met.
549 2220 625 2282 XIII,
645 2221 715 2285 633.)
737 2220 888 2287 Conington
912 2221 1051 2288 comparat
1068 2220 1209 2272 cerasortio

71 2285 121 2333 ooo
137 2284 205 2336 orbis
227 2286 289 2340 Geo.
312 2286 360 2348 IV,
382 2290 436 2341 153.
462 2316 495 2327 -—
522 2294 635 2352 prutes
652 2288 847 2356 persolvere
865 2287 986 2355 clipeos
1005 2286 1077 2340 redit
1093 2286 1130 2352 Π,
1150 2291 1207 2341 637.

71 2345 168 2405 Fodmse
186 2352 256 2407 bunc
277 2354 366 2407 locuni
388 2355 504 2423 respexit
524 2355 594 2409 Stat.
622 2354 703 2408 Tbeb.
726 2353 792 2416 VII,
816 2358 874 2408 379.
909 2355 968 2408 Nee
994 2356 1113 2408 medere
1140 2355 1211 2408 satia

68 2416 189 2488 tomos
211 2424 362 2491 rependere
383 2430 473 2488 prom
499 2422 663 2491 Sufficiam
691 2424 815 2486 reserent
843 2421 952 2492 &paeri
980 2453 1015 2462 -
1042 2419 1102 2481 601.
1134 2422 1210 2475 Non

68 2485 125 2552 opis
142 2496 179 2540 est
202 2496 337 2542 nostrae
360 2489 451 2557 paullo
472 2490 631 2544 insolentius
654 2489 756 2543 dietum
780 2506 840 2558 pro:
864 2505 916 2543 non
945 2491 988 2543 est
1014 2490 1040 2542 in
1071 2491 1208 2568 potestate

66 2555 146 2613 nostra,
170 2572 222 2609 uon
243 2557 377 2623 valemus,
406 2558 522 2626 impares
549 2574 650 2611 sumus.
686 2557 772 2610 Simili
797 2559 889 2610 tamen
918 2557 1021 2610 ratione
1040 2559 1128 2610 ntrtur
1156 2556 1207 2609 hoc

64 2622 168 2677 rooebulo
186 2624 251 2678 Hor.
270 2624 319 2693 Ep.
338 2624 365 2684 Ι,
384 2628 413 2687 9,
432 2629 457 2678 9.
495 2624 694 2678 Dissimulator
716 2625 779 2693 opis
796 2642 851 2694 pro
895 2625 942 2677 'a
974 2623 1210 2744 --·Cpuidqosid

63 2689 225 2757 eliqueret
244 2691 362 2745 Gentis
378 2692 594 2753 Dardaniae,
614 2693 746 2761 quotquot
765 2694 828 2745 sunt
871 2690 975 2746 ardoni.
1047 2731 1053 2745 .
1072 2691 1137 2744 Hor.
1149 2690 1210 2745 Sat:

59 2753 78 2815 1,
99 2759 123 2820 6,
153 2763 174 2811 1.
210 2760 354 2826 Doctorum
383 2759 523 2828 quidquid
552 2759 686 2812 Eteonos
711 2759 809 2812 incolit
842 2762 919 2827 fines,
948 2759 1039 2828 ibique
1071 2757 1209 2813 Heindorf.

57 2820 137 2879 boran.
155 2826 216 2888 vm,
237 2829 295 2880 363.
314 2827 454 2897 quidquid
468 2827 605 2880 hominum
622 2841 722 2879 sumre.
742 2826 800 2879 Lis.
819 2825 919 2890 XXIII,
939 2830 964 2889 9,
983 2830 1007 2879 3.
1026 2827 1148 2879 oraora
1158 2843 1210 2895 per

55 2893 177 2962 momnis
194 2895 318 2946 Deorum
336 2902 383 2948 eat.
403 2895 466 2949 Hor.
484 2894 568 2963 Epod.
587 2895 619 2960 V,
646 2897 669 2948 t.
698 2895 736 2946 At
752 2912 769 2946 o
788 2894 910 2946 Deorum
932 2893 1071 2961 quidquid
1086 2893 1114 2943 ln
1132 2894 1209 2945 eaelo

52 2961 114 3023 ruod.
132 2960 191 3015 Liv.
210 2961 246 3023 Π,
265 2966 289 3015 5.
309 2964 350 3016 35.
369 2965 409 3016 49.
427 2962 477 3022 ΠΙ,
499 2966 536 3016 17.
556 2965 596 3015 25.
616 2961 741 3016 Ceterum
761 2961 901 3029 qraldqeld
921 2960 970 3013 obi
1042 2959 1125 3013 etiarn
1142 2959 1208 3013 Hor.

49 3026 94 3080 lat.
119 3028 146 3091 Ι,
174 3032 204 3087 2,
233 3032 275 3082 69.
303 3032 331 3082 et
353 3028 452 3083 Lucan.
471 3029 508 3092 11,
536 3033 593 3083 162.
621 3030 795 3097 coniungunt.
814 3059 847 3068 -
865 3025 931 3087 662.
981 3043 1015 3080 on
1032 3024 1207 3088 reticendum,

47 3092 140 3149 Peerlk.
171 3096 288 3149 alterum
314 3095 513 3150 hemistichium
541 3114 667 3163 mapsam
694 3114 765 3176 qrtoe
791 3113 891 3175 sparso
923 3111 976 3164 per
1005 3096 1095 3148 orbem
1121 3091 1210 3171 aliena

46 3178 117 3216 nanu
136 3163 261 3216 additum
281 3179 397 3226 censere,
416 3180 476 3218 eum
493 3165 597 3218 Aeneas
615 3164 648 3217 de
667 3163 728 3217 ahrs
747 3164 922 3217 Troianorum
941 3160 1052 3215 coloniis
1070 3162 1130 3213 tum
1142 3159 1210 3214 nihil

43 3231 155 3292 sciverit,
174 3232 258 3284 immo
279 3231 336 3311 ipse
360 3231 469 3295 dixerit,
492 3249 520 3285 se
542 3249 597 3284 esse
618 3231 754 3299 reliquias
774 3232 919 3297 Danaum,
940 3245 1054 3298 cumque
1070 3229 1210 3296 praeterea

41 3299 139 3352 varient
158 3297 244 3351 Codd.
264 3300 348 3351 etnam
365 3316 435 3367 pocae
452 3318 578 3368 nepotem
596 3301 624 3353 et
641 3315 742 3367 nepem
760 3297 924 3352 exhibentes.
959 3295 1011 3351 Sed
1037 3299 1109 3350 recte
1127 3312 1221 3376 eppo-r

40 3367 75 3418 nit
105 3365 167 3419 Rau
196 3365 224 3418 in
255 3365 350 3418 Sched.
381 3382 407 3434 p.
438 3369 488 3432 52,
517 3367 584 3420 seire
604 3368 723 3420 Aeneam
751 3365 878 3418 Troianos
920 3381 950 3418 er
972 3380 1063 3417 omues
1081 3364 1208 3418 Graeciae

38 3450 67 3503 po
84 3433 147 3486 ulos
171 3433 200 3486 iu
228 3433 416 3501 captivitatem
439 3449 495 3488 esse
517 3434 647 3488 abductos
674 3434 749 3497 (Aen.
773 3433 827 3495 111.
849 3381 932 3496 3261,
947 3431 985 3485 in
1015 3431 1096 3485 Creta
1120 3431 1210 3500 ipsum

37 3498 1209 3637 nhtnth't‘lothum..tblithildetiltl‘lthltsitllal

37 3635 186 3703 significare
209 3633 353 3696 voluisset,
379 3635 433 3688 iam
455 3652 587 3707 nusquam
612 3636 738 3689 Troianos
776 3635 863 3687 raeter
882 3608 913 3688 ’se
931 3638 959 3689 et
978 3652 1040 3689 suos
1059 3650 1208 3704 superesse,

37 3721 64 3757 ne
88 3703 180 3756 verbis
203 3702 313 3771 quidem
339 3703 380 3755 uti
421 3703 521 3757 otuisse
543 3703 712 3773 quidquid
736 3652 786 3756 ob·
859 3710 904 3755 eat
929 3703 1016 3771 pertis
1041 3702 1211 3756 Dardaniae

37 3772 102 3825 tiam
122 3787 157 3824 ue
178 3768 236 3824 tere
259 3773 370 3824 censent
392 3720 509 3825 distem
532 3789 558 3840 p.
581 3774 622 3825 26.
647 3719 1004 3839 otrann.di1⁴nal.1.1.p.
1029 3773 1071 3823 46.
1091 3802 1124 3849 .-
1142 3767 1209 3849 ⁶⁰3:

37 3839 72 3892 [t.
129 3855 184 3891 om.
215 3837 267 3892 Od.
338 3878 345 3900 ,
379 3841 436 3891 180.
466 3840 585 3920 sinque
605 3838 684 3908 pios
705 3845 891 3907 respectant
913 3838 1063 3903 numina,
1089 3854 1106 3890 1.
1135 3852 1159 3889 e.
1186 3853 1209 3889 sr

37 3906 144 3959 numina
167 3908 246 3965 sunt,
270 3921 340 3974 quas
361 3905 419 3974 pios
442 3907 597 3976 respiciunt.
633 3904 675 3958 Cf.
693 3904 735 3969 Π,
762 3908 820 3959 636.
843 3905 870 3957 sa'
890 3922 946 4026 32⁰
969 3913 1008 3958 est
1026 3904 1210 4022 eaelo¹pietes

37 3978 66 4027 et
91 3973 129 4034 V,
163 3976 223 4026 689.
254 3979 411 4044 respectare
428 3976 457 4027 et
473 3976 609 4044 respicere
629 3971 761 4041 imprimis
779 3971 878 4025 dicitur
998 3972 1039 4024 tia
1062 3973 1089 4023 et
1135 3984 1207 4029 vore.

37 4058 82 4104 qno
105 4040 143 4094 dii
168 4040 292 4093 homines
314 4044 520 4110 prosequuntur.
553 4039 614 4094 Vid.
639 4040 712 4093 Serv.
736 4038 771 4093 ad
798 4040 863 4093 hen.
893 4040 920 4104 I,
967 4044 1008 4092 30.
1034 4037 1146 4091 Taubm.
1174 4034 1209 4088 ad

37 4109 122 4163 Plaut.
146 4108 227 4178 Capt.
251 4107 302 4167 IV,
327 4111 355 4169 2,
382 4112 422 4163 54.
442 4109 513 4175 (coll.
537 4107 621 4163 eiusd.
638 4107 736 4161 Bacch.
756 4106 802 4171 IV,
821 4108 844 4169 3,
864 4109 904 4160 24.
923 4110 951 4159 et
968 4104 1036 4159 Rud.
1056 4103 1088 4170 V,
1109 4107 1133 4163 2,
1152 4105 1206 4163 29.)

37 4175 121 4230 Rentl.
144 4175 181 4230 ad
204 4175 269 4229 Hor.
336 4220 341 4229 .
365 4175 391 4241 Ι,
419 4179 446 4240 1,
475 4169 1208 4235 105911111416411119,44690141.

38 4244 63 4297 nt
92 4243 159 4298 Hor.
185 4242 238 4297 Od.
261 4243 290 4306 Ι,
340 4285 347 4306 ,
371 4247 412 4298 36.
430 4275 462 4284 -
480 4244 543 4305 603.
567 4245 599 4296 si
615 4242 697 4312 qnid
713 4271 725 4282 ·
744 4275 755 4284 ·
774 4241 912 4295 lustitia
930 4247 991 4292 est:
1016 4238 1039 4291 si
1057 4237 1164 4291 iustitia
1180 4237 1208 4290 in

38 4311 86 4365 ullo
103 4312 203 4380 pretio,
222 4310 324 4365 honore
342 4314 392 4366 est.
428 4311 548 4381 Aliquid
566 4312 637 4365 enim
655 4308 727 4362 hand
745 4325 805 4362 raro
824 4307 992 4376 praegnanti,
1012 4321 1091 4374 quem
1104 4303 1207 4369 dicunt,

38 4396 110 4432 oensu
137 4379 193 4432 diei
216 4379 325 4431 constat
348 4395 396 4448 pro
420 4396 518 4449 magno
541 4379 632 4449 aliquo
654 4379 682 4432 et
704 4376 789 4445 graui.
824 4374 865 4429 Of.
893 4373 970 4427 Ouid.
993 4373 1070 4425 Fast.
1099 4373 1149 4436 VI,
1169 4377 1208 4428 27.

38 4448 82 4500 ΡΑ
101 4447 230 4517 alma,
254 4447 379 4514 onpos'sse
404 4447 480 4511 Iovi,
504 4448 579 4501 lovois
599 4463 655 4501 esse
677 4440 1042 4501 sororem.id.met.xl11‚
1063 4443 1121 4493 241.
1157 4440 1211 4494 Ee

38 4514 152 4584 aliquid,
172 4517 210 4567 de
227 4522 270 4595 tot
289 4512 442 4595 Grolorrsm
460 4514 581 4596 mollplma
596 4532 680 4567 annom
702 4512 764 4579 lepi.
782 4510 836 4563 Cic.
856 4508 890 4561 ad
910 4508 1037 4592 Divqbll,
1056 4511 1097 4575 18,
1115 4511 1142 4592 4.
1160 4526 1211 4580 eqo

38 4580 1237 4717 3424129121346241664429911661996
