2858 4964
463 209 693 276 AENEIDOS
716 209 798 276 LIB.
821 210 876 275 VI.
1192 217 1253 279 675

79 371 212 438 Tollunt
236 396 271 438 se
293 373 414 439 celeres
435 374 657 462 liquidumque
681 399 739 462 per
761 400 840 443 aera
861 377 973 463 lapsae

79 455 221 520 Sedibus
245 460 366 543 optatis
388 460 518 543 gemina
540 480 638 545 super
661 459 780 525 arbore
802 460 920 539 sidunt,

77 537 232 604 Discolor
254 540 341 605 unde
362 542 432 605 auri
455 564 514 627 per
536 563 646 606 ramos
668 565 750 607 aura
772 543 907 620 refulsit,

79 619 184 700 Quale
208 622 290 687 solet
312 622 405 687 silvis
428 622 569 689 brumali
590 625 714 709 frigore
736 627 864 691 viscum

79 829 288 839 --.—-..--..

78 975 1253 1115 101010010010-0001·11111111.0001000100

79 1113 184 1167 volasse
211 1112 246 1166 ad
276 1111 418 1166 vitandum
449 1112 550 1166 Averni
579 1084 716 1168 odordln.“
752 1112 829 1167 Serv.
865 1112 1169 1168 01.1010ον.420.-
1186 1108 1252 1173 203.

81 1181 221 1250 Optotp's
239 1180 332 1248 Wagn.
352 1184 423 1233 reete
442 1179 526 1233 refert
544 1179 577 1233 ad
596 1183 690 1233 votum
708 1183 736 1233 et
754 1179 915 1234 desiderium
934 1182 1037 1234 Aeneae
1055 1181 1188 1248 sperantis
1209 1196 1252 1232 oo-

79 1248 186 1301 lumbas
204 1248 255 1301 sibi
273 1249 472 1301 monstraturus
490 1263 548 1301 esse
567 1248 688 1302 arborem
707 1247 782 1300 illam
801 1263 911 1301 aureum
930 1263 1034 1301 ramum
1051 1248 1191 1312 ferentem,
1222 1250 1252 1299 ut

79 1317 190 1368 aedibus
216 1315 319 1385 optatis
344 1314 382 1367 sit
408 1315 424 1368 i.
463 1355 469 1368 .
497 1331 547 1377 „eo
574 1314 640 1377 loco,
668 1332 719 1384 quo
743 1331 789 1368 eas
808 1314 943 1369 considere
961 1317 1103 1385 optaverat
1119 1315 1251 1369 Aeneas.“

80 1383 261 1436 Consentiunt
288 1331 474 1436 nobiscnmlx
512 1398 568 1442 ew„
595 1381 680 1450 Bryoe
708 1385 736 1435 et
762 1382 892 1449 Benoist.,
923 1382 988 1435 dum
1013 1382 1165 1450 Conington
1192 1398 1251 1435 oum

79 1450 183 1519 Heynio
201 1450 311 1512 faciens,
330 1449 373 1503 001
387 1451 465 1503 aedes
482 1457 593 1519 optatae
611 1449 769 1568 simpliciter
785 1452 850 1503 suut
868 1450 974 1518 ‚,arbor,
998 1465 1078 1519 quarn
1096 1449 1189 1503 volatu
1206 1465 1267 1518 pe·-

80 1518 210 1581 tierant,“
242 1517 370 1587 explicat:
393 1517 512 1584 ,100109
533 1517 632 1569 choreo
650 1524 660 1568 t
679 1518 721 1570 eir
757 1519 817 1571 lace
834 1525 861 1570 to
880 1518 984 1573 aetem
1004 1548 1032 1556 -
1053 1519 1252 1585 901010000-

75 1587 279 1706 {orirer
296 1583 1252 1706 0000010000...οἒ1000010101.00·

81 1719 176 1787 Wegn.
203 1668 881 1800 0000000100”ἶο311000000100010100οἓ00001.
913 1719 1003 1799 Vulgo
1022 1691 1065 1783 (lit
1084 1719 1112 1771 in
1130 1695 1209 1797 Rom...
1225 1721 1254 1771 et

80 1786 210 1855 Longob.)
235 1792 303 1841 satis
322 1786 420 1856 frigide
437 1804 560 1855 pesenae
579 1786 749 1854 (columbae),
775 1787 845 1856 quod
864 1786 980 1840 librarus
1000 1786 1114 1840 debetur
1132 1801 1252 1840 nescien-

79 1854 161 1917 tibus,
181 1853 245 1923 quid
267 1855 305 1907 sit
320 1854 429 1922 peucine
445 1856 538 1918 arbor,
558 1869 640 1923 quare
656 1854 769 1907 Henrico
779 1854 937 1924 (Truyears
948 1854 994 1907 VI.
1008 1871 1034 1922 p.
1051 1856 1090 1907 16.
1109 1855 1137 1906 01
1154 1851 1252 1905 Philol.

79 1921 164 1975 XVII.
184 1938 209 2002 p.
229 1923 299 1982 030.)
326 1921 396 1975 hanc
425 1920 568 1976 lectionem
597 1919 761 1984 defendenti,
791 1922 913 1989 quamvis
936 1937 995 1975 eam
1018 1920 1156 1973 indecem
1175 1918 1252 1973 modo

79 1988 161 2042 Codd.
182 1990 403 2044 1010040011οο
422 1989 534 2043 collatos
552 1989 692 2051 invenerit,
718 1987 849 2042 adsentiri
867 2004 921 2042 non
941 2003 1059 2057 possum.
1093 1988 1179 2055 Heyn.
1198 1986 1252 2052 (cui

78 2056 268 2109 adsentiuntur
286 2056 363 2110 Iahn.
392 2058 420 2109 et
437 2056 544 2125 Wagn.)
572 2072 604 2110 ea
625 2057 649 2109 si
671 2055 772 2109 nificari
789 2058 870 2124 putat
887 2056 1009 2109 arborem
1029 2055 1065 2107 du
1083 2054 1143 2107 licis
1163 2053 1252 2106 trunci

78 2123 269 2203 incommune
290 2123 430 2202 fastigium
454 2125 589 2202 coeuntis;
618 2073 685 2177 mili
710 2126 800 2177 tamen
824 2139 884 2176 cum
902 2139 944 2176 res
962 2124 1029 2192 ipsa,
1060 2071 1119 2174 dun
1139 2136 1251 2191 sequeus

79 2192 236 2244 discolor
253 2208 323 2243 cura
340 2190 462 2257 flagitare
481 2190 586 2244 ridetur
605 2191 705 2244 Donati
722 2191 937 2259 explicationem:
958 2205 1045 2259 „quae
1062 2188 1185 2243 frondem
1203 2187 1251 2241 du-

97 2257 174 2310 licem
193 2257 387 2325 materiamque
403 2258 559 2325 portabat‚“
578 2259 700 2326 quamvis
717 2259 823 2326 Wagn„
848 2259 883 2311 ob
900 2273 983 2312 unum
1001 2257 1144 2310 dumtaxat
1162 2271 1252 2309 ramu-

78 2275 136 2378 lum
153 2341 264 2379 aureum
287 2326 372 2377 totam
392 2325 513 2377 arborem
529 2325 664 2392 geminam
683 2324 735 2377 dici
753 2340 839 2393 posse,
870 2327 958 2393 neget.
994 2325 1036 2387 (In
1055 2323 1191 2378 recentius.
1210 2324 1252 2376 ta·

80 2408 140 2445 rnen
167 2392 231 2448 edit.
259 2392 366 2445 mutata
387 2391 523 2445 sententia
539 2407 643 2444 mecum
661 2390 767 2444 videtur
784 2393 954 2457 consentire.)
990 2391 1097 2445 Etenim
1114 2390 1138 2444 si
1156 2390 1196 2443 He
1235 2391 1253 2442 'i

79 2460 210 2513 rationem
243 2459 440 2528 amplectimur,
471 2458 579 2527 gemino
607 2474 717 2526 prorsus
747 2458 863 2511 otiosum
894 2461 936 2511 est
958 2457 1105 2577 egitheton,
1134 2473 1185 2525 quo
1223 2457 1250 2509 in

79 2527 211 2581 eiusmodi
239 2527 307 2589 loco,
336 2527 383 2579 ubi
413 2527 438 2580 si
505 2541 523 2579 a
550 2524 1086 2592 00001000010000100101001000110,
1116 2539 1147 2577 eo
1165 2524 1252 2592 magis

79 2595 199 2649 offendat
229 2611 338 2649 necesse
364 2596 414 2649 est.
477 2594 581 2647 eminus
605 2595 697 2647 antem
716 2608 797 2646 sensu
815 2592 911 2647 Graeci
931 2591 1035 2662 0000ος
1052 2590 1152 2659 legitur
1169 2591 1250 2644 etiarn

79 2662 156 2717 Orid.
175 2663 240 2717 Met.
259 2662 295 2726 11,
314 2666 373 2716 555.
402 2661 524 2729 pertinse
536 2660 674 2730 Cecrops),
691 2661 729 2723 ΙΙ,
748 2663 805 2714 030.
824 2660 957 2727 (pominus
968 2657 1093 2724 Chiron),
1114 2656 1175 2720 ΧΠ,
1192 2662 1252 2736 451).

78 2730 209 2796 (pominus
225 2730 362 2799 Pyrenes),
404 2731 455 2782 tat.
475 2728 538 2783 Silv.
559 2728 609 2791 ΙΠ,
633 2732 658 2792 2,
675 2731 716 2781 85.
736 2728 851 2794 &enine
869 2743 986 2796 corpore
1004 2726 1112 2791 Triton)
1130 2727 1159 2779 et
1177 2723 1250 2778 alibi.

77 2798 193 2860 Peerlk„
224 2800 252 2852 et
268 2798 296 2851 in
351 2798 416 2850 totis
432 2796 542 2850 redibere
561 2797 589 2850 et
606 2796 634 2848 in
651 2796 759 2863 pemina
775 2797 875 2848 arbore
892 2797 992 2847 temere
1009 2792 1131 2854 haerens,
1156 2791 1251 2845 audaci

79 2866 216 2920 conamine
237 2815 442 2920 coniossmimse
497 2870 556 2917 toto
570 2863 680 2917 Aeneae
698 2878 781 2940 semer
798 2863 898 2915 arbore
913 2863 1015 2914 001010.
1027 2890 1061 2899 -
1079 2874 1178 2938 super
1195 2875 1251 2910 ar·

78 2935 159 2986 bore
195 2950 236 2988 ro:
259 2934 287 2986 in
304 2933 408 2996 arbore,
427 2933 459 2985 ut
499 2931 533 2984 cl.
554 2931 577 2995 Ι,
597 2933 636 2985 80.
656 2945 824 2999 requiescere
838 2931 944 2995 fronde
1013 2926 1155 2986 errandi,
1181 2925 1250 2979 Stat.

78 2999 161 3054 Theb.
206 3040 213 3063 ,
232 3005 291 3055 589.
309 3001 419 3053 modico
437 3016 520 3069 crepes·
537 3017 556 3051 o
573 3014 636 3065 pere
654 2998 683 3050 et
700 2995 788 3050 multa
806 2995 912 3050 similia.
931 2994 972 3049 Cf.
1015 3010 1055 3049 en.
1074 2993 1097 3055 1,
1114 2996 1172 3046 080.
1192 2997 1251 3046 100.

78 3067 124 3132 vi,
144 3071 202 3122 203.
221 3072 280 3122 515.
297 3067 359 3131 Vll,
372 3071 430 3121 557.
449 3065 525 3123 Orid.
573 3067 608 3120 et.
622 3064 680 3129 XV,
693 3067 751 3119 875.
770 3066 821 3120 ete.
839 3064 892 3117 Per
910 3079 938 3116 se
957 3064 1048 3116 tamen
1067 3062 1152 3129 patet,
1169 3076 1253 3129 suaper

78 3152 126 3205 pro
153 3136 188 3214 iu·
211 3138 270 3190 tum
300 3136 409 3213 tantum
439 3133 502 3202 poni
531 3148 617 3201 posse,
649 3131 672 3187 si
690 3130 880 3212 desuperflcie
897 3129 939 3185 vel
958 3144 1065 3183 summa
1083 3126 1195 3180 alicuius
1213 3127 1252 3180 rei

78 3196 1252 3335 0001001100·11100111101000010..0001111οῑ

80 3353 186 3390 monem
203 3353 269 3392 esse.
291 3368 324 3376 -
341 3337 465 3390 sidunt.
492 3335 621 3404 Respexit
637 3334 709 3389 hunc
726 3334 815 3387 locum
832 3333 914 3387 Silius
931 3331 981 3392 ΠΙ,
996 3281 1058 3410 lli.
1115 3335 1173 3408 toto
1191 3346 1250 3382 ver-

79 3404 131 3457 tice
152 3404 253 3460 0101001.
272 3435 303 3444 -
321 3402 389 3465 204.
420 3403 597 3464 Discolor,
631 3418 713 3466 „uam
739 3417 786 3469 per
809 3401 931 3455 arborem
954 3397 1066 3476 viridem
1089 3465 1094 3476 Ι
1139 3399 1162 3449 xt
1179 3395 1251 3450 color

79 3476 210 3525 aureus“:
240 3472 370 3525 Donatus.
389 3501 423 3510 -
464 3471 544 3524 auri
560 3486 657 3534 aura,
685 3467 817 3538 splendor.
852 3469 933 3521 Aura
950 3465 983 3519 de
1000 3465 1111 3519 luminis
1129 3463 1251 3518 reverbe-

79 3539 190 3592 ratione.
226 3538 287 3592 vu.
306 3538 341 3593 00
358 3539 421 3594 seo.
440 3511 476 3603 lr,
499 3541 553 3600 0.,
579 3536 626 3590 uu
649 3536 762 3590 remano
779 3552 872 3590 aaran.
908 3533 949 3588 or.
968 3534 1042 3588 serv.
1060 3531 1086 3585 n.
1104 3531 1122 3585 1.
1142 3530 1251 3610 0010

79 3605 173 3660 seheri.
193 3605 228 3659 ad
244 3606 310 3659 Hor.
329 3606 367 3670 Η,
389 3610 413 3670 8,
432 3609 472 3659 m.
500 3605 544 3659 Sic
561 3604 632 3673 ignis
649 3602 772 3657 fulminei
789 3618 863 3665 aura,
907 3602 970 3664 άεος
987 3600 1081 3679 dirps}
1096 3597 1203 3652 Gallim.
1223 3613 1250 3651 ru

79 3673 157 3727 Dian.
178 3676 233 3729 117.
264 3673 297 3727 de
328 3689 362 3726 va
382 3689 426 3727 ore
452 3672 533 3740 ignis,
564 3671 611 3740 qui
635 3672 718 3726 etiam
748 3670 793 3724 lon
816 3670 856 3724 ‘us
880 3621 977 3723 dissita
1002 3667 1122 3722 adurit.“
1160 3665 1250 3735 Heyo.

79 3741 247 3809 Quamquam
270 3740 345 3794 10000
363 3690 459 3808 deorg.
481 3740 516 3793 ab
536 3738 640 3807 Heynio
658 3738 774 3793 collatus
811 3754 844 3791 00
862 3754 915 3791 000
933 3736 1061 3805 pertinet,
1089 3737 1250 3788 tamennon

79 3808 243 3862 haerendum
262 3810 326 3876 puto
347 3808 374 3861 10
392 3823 449 3860 voc.
468 3823 555 3860 aurae
572 3822 620 3876 pro
638 3806 789 3926 sgleudore
812 3821 890 3875 quem
908 3820 1003 3883 aarum
1024 3802 1144 3881 effulget,
1162 3816 1252 3868 reper-

79 3876 159 3937 cutit,
188 3874 286 3944 posito,
317 3890 378 3928 cum
407 3875 489 3929 etiam
508 3874 625 3927 Macrob.
667 3875 704 3927 at.
722 3872 770 3934 VI,
801 3875 824 3926 0.
848 3876 876 3926 01
898 3871 1028 3925 Priscian.
1046 3868 1151 3936 Perieg.
1178 3870 1250 3920 1020.

77 3949 161 4009 (arara
183 3942 273 3996 viridi
296 3959 367 4011 quoe
388 3943 512 4012 qucndet
539 3942 543 3953 ‘
596 3942 629 4003 10,
650 3956 682 3994 ex
701 3941 812 4009 Dionys.
833 3943 905 3993 1120.
925 3938 1027 4006 Χλωρὰ
1046 3934 1253 4014 διειργάζουσαν

79 4012 190 4070 ἴασπις)
209 4010 298 4063 locum
316 4012 439 4064 nostrum
457 4009 495 4063 010
513 4008 570 4062 1010
591 4007 701 4070 exeunt,
720 4009 747 4062 in
768 4022 819 4077 quo
839 4007 923 4061 etiam
934 4006 1017 4065 Seru,
1035 4002 1138 4056 Nonius
1154 4018 1179 4069 p.
1193 4003 1251 4059 245,

78 4082 120 4133 22.
139 4080 167 4133 01
184 4077 281 4132 isidor.
300 4077 374 4145 Orig.
393 4075 466 4139 XVI,
486 4079 510 4138 8,
532 4079 554 4129 1.
574 4075 641 4129 aori
658 4108 690 4116 -
707 4093 806 4130 auram
824 4076 971 4128 testantur.
994 4071 1085 4123 Etiam
1102 4069 1197 4135 Wagu.
1217 4066 1251 4120 ad

77 4146 185 4208 14001,
217 4148 275 4199 540.
304 4144 434 4198 adnotat:
467 4143 549 4206 „Vou
575 4160 647 4195 atera
665 4143 736 4212 apud
753 4142 835 4211 Vcrg.
855 4139 991 4261 0ἷῆ10001
1009 4134 1145 4190 interdum
1163 4133 1252 4188 radios

78 4213 209 4284 quosdam
239 4230 256 4267 a
288 4229 318 4266 re
334 4212 442 4266 lucente
458 4210 502 4264 vel
519 4208 678 4279 splendente
697 4210 775 4277 (auri
792 4227 863 4262 aura
923 4248 930 4274 ,
958 4206 1029 4270 204.)
1046 4205 1174 4257 exeuntes
1192 4216 1252 4255 sen·

79 4298 192 4350 sumque
209 4279 319 4334 ridendi
337 4278 493 4333 ferientes.“
512 4276 617 4331 Peerlk.
636 4293 707 4339 vero,
727 4294 825 4331 aarum
843 4276 910 4328 uari
925 4273 992 4327 nihil
1010 4269 1084 4326 aliud
1102 4269 1253 4349 siguificare

97 4365 155 4402 osse
180 4347 352 4409 contendens,
386 4362 466 4417 qnam
489 4344 549 4398 auxi
577 4344 693 4409 odorem,
725 4344 780 4413 legi
797 4342 867 4396 vult.
885 4343 924 4398 D.
941 4343 1013 4393 ande
1037 4356 1107 4392 auro
1126 4336 1207 4406 (quod
1224 4353 1252 4389 m

78 4366 153 4470 ltom
176 4416 288 4484 legitur)
306 4432 361 4486 per
382 4430 476 4468 ramos
498 4413 578 4481 sirpo
594 4413 715 4480 refulsit,
747 4409 817 4481 quod
837 4410 920 4464 etiam
938 4406 1081 4463 Gossrario
1100 4404 1252 4475 praeferen-

78 4482 142 4536 dum
159 4483 272 4540 videtur.
291 4515 324 4523 —
342 4480 407 4542 205.
438 4480 576 4544 Dorisco,
605 4479 702 4534 frutice
721 4479 769 4533 illo
786 4477 931 4548 glutinoso,
963 4491 992 4529 ex
1010 4474 1145 4536 arborum,
1174 4487 1253 4551 quer·

77 4566 157 4604 cuum
182 4551 306 4612 maxime,
338 4550 436 4604 cortice
456 4550 607 4611 enemente,
641 4548 711 4603 unde
737 4546 873 4617 glutinum
899 4540 1149 4612 paratureiusdem
1167 4554 1253 4592 uonn-

77 4617 119 4671 nis
138 4616 318 4685 (Vopelleinu
346 4617 380 4672 ef.
400 4617 465 4672 Geo.
482 4615 505 4682 1,
529 4618 608 4682 180),
638 4614 672 4672 of.
691 4614 763 4671 Plin.
781 4613 854 4676 ΧΠ,
883 4617 926 4678 44,
956 4614 997 4665 03.
1023 4612 1052 4664 et
1068 4606 1165 4672 XXIV,
1183 4611 1208 4668 4,
1226 4609 1252 4659 0.

997 4682 1046 4744 ss*
