2872 4980
112 205 175 269 399
466 197 503 261 Ρ.
524 190 710 262 VERGILI
732 191 932 258 MABONIS

114 367 290 433 Arcturum
312 364 507 452 pluviasque
527 360 667 447 Hyadas
689 359 899 446 geminosque
921 357 1070 439 Triones,

115 451 350 537 Armatumque
372 470 452 512 auro
475 446 614 510 circums
641 444 698 508 icit
719 441 854 508 Oriona.

114 535 291 620 Postquam
314 540 430 596 cuncta
453 528 541 593 videt
562 466 652 592 99919
672 535 821 591 constare
842 546 967 605 sereno,

115 616 184 681 Dat
206 615 330 681 claram
352 636 369 679 9
391 613 494 700 puppi
513 611 658 697 signum3
677 632 738 675 nos
763 619 871 673 castra
892 628 1060 672 movemus

117 785 324 795 -..——--——·

115 901 198 952 dora
218 903 317 950 notat
338 895 393 950 iam
410 896 483 949 recte
500 894 572 949 Serv.
591 895 799 964 interpretatore
822 894 967 962 diligenter
983 891 1115 945 intuetur.
1151 890 1292 959 Significat

115 966 186 1020 enim
204 972 301 1018 notare
319 979 362 1017 res
381 962 525 1031 diligenter
543 962 693 1030 observare,
710 963 800 1018 itant
818 961 961 1016 discrimen
979 975 1071 1014 earum
1089 957 1171 1038 probe
1190 958 1290 1038 exami-

115 1048 176 1096 nes;
199 1031 304 1087 91019.
327 1029 521 1097 9911199111,
547 1032 585 1084 16.
610 1031 688 1110 paca
708 1031 790 1110 191199
812 1031 924 1110 baberet
939 1045 1021 1082 aures
1037 1028 1168 1107 99199919
1184 1043 1290 1094 999999-

116 1103 335 1223 gasdpoc'taram.
370 1098 484 1152 Prorsus
506 1096 599 1151 eadem
617 1099 721 1153 ratione
740 1099 795 1152 Cic.
814 1097 880 1151 1b1d.
898 1096 935 1157 Π,
958 1099 1000 1148 13.
1020 1096 1238 1153 9999999199,
1263 1094 1292 1147 et

141 1184 166 1219 ιιι
187 1210 193 1222 .

212 1168 279 1221 1191.
296 1166 348 1231 ΠΙ,
373 1170 430 1220 595.
450 1164 534 1227 (baud
552 1164 632 1219 dubie
649 1165 721 1220 hunc
737 1167 825 1219 locum
842 1164 998 1232 respiciens)
1016 1163 1189 1229 Hpadasqae
1202 1161 1292 1215 999119

116 1237 274 1314 Arctonque
291 1233 394 1287 991991.
431 1233 472 1287 cf.
491 1232 574 1286 ctiam
591 1232 645 1286 Cic.
664 1234 692 1286 in
711 1235 787 1288 Verr.
806 1233 838 1292 V,
866 1236 906 1292 10,
926 1235 967 1284 21.
986 1218 1095 1283 initium
1113 1229 1185 1282 vcra
1200 1246 1254 1281 999
1273 1248 1293 1281 a

116 1302 253 1363 Faocmo,
269 1318 355 1370 usqae
371 1303 406 1353 ab
424 1299 484 1353 alio
501 1309 577 1353 astro
595 1302 716 1367 9919191,
735 1303 763 1354 91
775 1298 1016 1365 dentaliter.
1036 1304 1132 1351 cantas
1142 1297 1292 1349 99199199-

116 1377 175 1424 tars
193 1372 257 1424 cett.
277 1400 310 1408 -
329 1369 434 1422 tacito
453 1368 560 1433 99919,
580 1366 654 1421 nullo
673 1369 752 1422 vento
772 1368 922 1421 resonante.
942 1365 983 1418 Cf.
996 1366 1033 1425 11,
1052 1368 1109 1418 155.
1122 1394 1155 1402 -
1172 1365 1203 1417 V.
1217 1363 1291 1426 516,

87 1486 92 1492 ,
117 1453 197 1505 quem
213 1437 292 1490 affert
312 1434 517 1555 91199911ᾕώ91.
535 1435 569 1489 de
588 1434 637 1488 deo
655 1434 727 1489 Socr.
746 1451 774 1503 p.
794 1438 852 1488 221.
871 1434 939 1503 Βίρ,
958 1433 1012 1486 iam
1033 1448 1114 1501 supra
1130 1430 1247 1510 lecimus
1268 1430 1290 1491 I,

118 1508 186 1565 744..
199 1504 245 1559 nbi
256 1504 310 1557 sid.
320 1502 425 1557 adnott.
467 1503 554 1556 acrob.
564 1502 622 1555 Sat.
634 1503 665 1565 V,
678 1506 718 1564 11,
733 1506 770 1556 lo.
783 1506 875 1571 p.418.
887 1502 946 1555 Ian.
959 1502 987 1554 91
996 1500 1102 1568 aliquot
1112 1498 1196 1551 Codd.
1211 1501 1295 1562 (mter

117 1588 183 1641 quos
192 1568 275 1625 etiam
285 1570 355 1625 Gud.
366 1586 426 1624 am.
436 1572 489 1639 pr.)
500 1570 543 1622 hic
556 1568 682 1623 exhibent
690 1571 861 1638 Pliadasqac
873 1569 1000 1638 Hyadas,
1011 1567 1090 1636 quod,
1103 1567 1197 1635 utpote
1207 1569 1292 1620 metro

117 1655 280 1760 {tituil
293 1632 1293 1773 tibitibiitttltntdtttclffilttdftttffill

116 1773 212 1828 Graeci
230 1772 281 1827 scri
301 1776 372 1826 tores
390 1771 463 1825 haud
481 1787 542 1826 raro
562 1772 744 1841 diphthongos
763 1774 891 1841 sequente
911 1769 998 1823 vocali
1023 1741 1206 1838 corripuerint’,
1231 1785 1293 1837 pro-

94 1857 215 1898 9991199
233 1840 267 1893 ad
282 1789 436 1894 1199119991.
456 1840 490 1893 ad
509 1840 578 1894 Stat.
597 1839 661 1893 silv.
680 1841 702 1903 l,
726 1844 750 1901 3,
773 1843 824 1901 95,
848 1839 891 1893 cni
907 1838 984 1892 lahn.
1007 1836 1085 1891 addit
1102 1834 1238 1913 llandinm
1258 1834 1293 1888 ad

117 1907 197 1963 eund.
215 1907 236 1961 1.
255 1924 280 1976 p.
299 1912 357 1962 451.
392 1907 486 1976 Wagn.
509 1910 609 1970 antem,
634 1907 677 1961 vel
700 1908 723 1959 si
740 1906 854 1969 Statius,
876 1905 1009 1959 inferioris
1033 1907 1132 1959 aetatis
1150 1906 1232 1972 atque
1251 1920 1294 1956 or·

117 1975 187 2029 dinis
206 1978 294 2044 poeta,
317 1975 432 2044 primam
454 1974 587 2042 syllabam
606 1990 661 2029 voc.
680 1974 763 2026 Plias
780 1990 841 2028 vere
859 1973 1042 2041 corripuisset,
1065 1971 1123 2025 leve
1143 1970 1194 2025 hoc
1211 1986 1293 2039 argu·

118 2045 240 2097 mentum
258 2058 316 2096 csse
335 2041 474 2096 contendit
489 2041 524 2094 ad
543 2041 655 2095 eandem
673 2041 811 2096 licentiam
832 2041 860 2094 in
873 2040 1026 2107 Vergiliano
1044 2039 1161 2093 carmine
1176 2039 1292 2107 proban-

117 2110 190 2163 dam.
207 2109 324 2162 Placs'ae
342 2111 385 2163 est
402 2108 531 2162 sollemne
549 2109 675 2177 Hyadum
692 2108 839 2178 epitheton.
859 2108 919 2162 Vid.
938 2108 972 2162 ad
990 2107 1054 2161 Geo.
1074 2108 1097 2166 I,
1118 2109 1172 2159 138.
1192 2104 1294 2159 Eadem

117 2177 150 2230 de
169 2191 250 2230 cansa
273 2176 424 2229 imcreaam
444 2176 575 2244 Hyadum
600 2176 833 2231 9919199919.
852 2176 875 2238 Ι,
900 2180 924 2236 6,
954 2179 993 2228 25.
1017 2176 1045 2227 91
1066 2174 1156 2226 tristes
1175 2173 1295 2242 Hyadas

117 2245 180 2297 Hor.
200 2242 250 2298 Od.
269 2243 291 2304 l,
311 2247 334 2305 3,
353 2247 391 2297 11,
411 2243 468 2307 (nbi
485 2242 539 2296 sid.
558 2243 654 2306 09911.)
670 2244 710 2298 cf.
730 2244 813 2298 etiam
826 2243 903 2296 Voss.
921 2241 956 2296 ad
968 2243 1082 2295 Aratum
1102 2244 1158 2295 172.
1177 2271 1209 2278 -
1228 2239 1292 2299 517.

118 2312 311 2376 „Armatam
333 2328 417 2364 aare
442 2310 582 2371 Oriona,
607 2310 763 2378 χρυσάορα,
792 2311 863 2380 quia,
891 2314 923 2363 ut
945 2310 1012 2363 bene
1030 2308 1113 2374 Seru,
1142 2316 1166 2361 91
1189 2309 1295 2361 balteus

117 2381 175 2432 eiua
196 2385 222 2431 ct
241 2377 354 2445 91991199
375 2377 674 2497 clarmsimrskstnpitur
696 2380 790 2433 9191119.
826 2377 1019 2431 Commentarii
1045 2376 1103 2429 loco
1131 2376 1168 2428 sit
1192 2375 1294 2429 Aratus

117 2445 314 2500 aGermanico
346 2461 501 2499 conversus:
558 2447 645 2498 rimas
674 2447 703 2499 ia
729 2445 842 2500 991199
866 2446 977 2514 rapitur
1003 2445 1183 2512 9999991999
1207 2443 1297 2495 Tauri

118 2514 220 2566 Orion:
238 2512 372 2592 99999119
388 2513 477 2579 mapsa
494 2513 586 2566 919199
602 2514 710 2567 notabit
726 2513 758 2568 St
797 2533 815 2567 α
832 2513 931 2577 airam,
956 2528 1072 2592 sparsas
1088 2529 1149 2590 9991Ι
1169 2510 1204 2590 (1..
1218 2527 1295 2628 agar·

117 2578 1295 2718 9111)111911119999119999999

118 2719 167 2768 586
196 2732 253 2784 sqq.
278 2715 379 2794 19999.
402 2714 429 2781 Ι,
456 2718 512 2769 665.
537 2715 668 2781 Ensiferi
693 2716 806 2769 nimiam
827 2715 918 2782 salpae
944 2715 1017 2767 19199
1039 2712 1179 2766 Oricum
1220 2712 1294 2765 Haec

118 2784 217 2851 Hcpa,
241 2799 287 2851 qur
310 2781 391 2835 simul
415 2785 554 2848 memorat,
577 2784 736 2851 coniungere
759 2782 802 2836 hic
825 2783 931 2850 poetam
954 2780 1050 2843 sidera,
1074 2796 1125 2833 non
1150 2795 1218 2848 qnae
1240 2795 1294 2832 uno
1397 2807 1403 2819 ·

117 2854 238 2919 tempore
258 2850 379 2903 oriantur
401 2850 429 2902 91
451 2850 584 2912 occidant,
608 2850 654 2904 sed
672 2867 687 2904 e
705 2851 803 2919 quibus
821 2849 921 2918 partim
939 2847 1110 2917 tempestatis
1130 2846 1294 2900 mutationes

118 2920 222 2972 veteres
243 2916 371 2985 augurati
393 2917 457 2981 sint,
489 2918 589 2985 partim
617 2934 684 2986 quae
704 2921 813 2971 tautum
838 2933 904 2985 puro
923 2920 951 2970 et
970 2932 1062 2970 sereno
1081 2914 1153 2968 caelo
1176 2914 1294 2982 conspici

117 2985 230 3055 possint,
249 2987 289 3047 ut,
315 3001 377 3038 cum
395 2983 439 3037 hic
461 2984 589 3038 Palinuro
607 2989 763 3054 appareant,
784 2983 832 3037 ille
850 2984 1023 3038 securitatem
1045 2981 1131 3036 sereni
1151 2981 1217 3036 caeli
1232 2982 1294 3036 inde

118 3052 246 3106 coniicere
266 3052 359 3121 possit.
393 3051 469 3105 Idem
491 3052 608 3106 conferre
626 3068 675 3105 nos
692 3053 768 3105 iubet
785 3050 902 3106 Macrob.
921 3052 978 3105 Sat.
996 3050 1029 3111 V,
1050 3054 1090 3104 11.
1109 3050 1174 3104 Geo.
1194 3049 1217 3112 Ι,
1237 3054 1294 3103 391.

118 3125 175 3174 395.
193 3120 272 3173 Hom.
292 3119 342 3174 Od.
360 3118 392 3180 V,
413 3122 460 3171 271
482 3136 549 3198 sqq,
568 3136 646 3188 quem
665 3119 802 3187 Vergilius
821 3121 884 3172 ante
903 3119 992 3172 oculos
1011 3116 1144 3177 babuerit,
1171 3120 1199 3170 91
1216 3117 1294 3171 Ovid.

118 3188 182 3241 11191.
201 3187 251 3250 ΙΠ,
271 3191 319 3241 591
338 3204 406 3255 sqq,
425 3186 544 3240 Maronis
563 3187 735 3241 imitatorem.
755 3187 795 3239 De
814 3185 915 3254 duplici
933 3201 1061 3239 mensura
1079 3184 1204 3246 nominis,
1241 3185 1294 3238 uod

118 3255 227 3308 tertiam
245 3254 380 3323 syllabam
399 3253 477 3307 modo
495 3253 620 3323 producit
638 3256 715 3320 (ben.
735 3254 757 3316 I,
776 3258 843 3317 535,
864 3253 910 3307 nbi
929 3253 983 3306 vid.
1002 3268 1070 3371 quae
1087 3251 1120 3305 de
1139 3251 1190 3305 hoc
1207 3252 1231 3305 si
1251 3268 1295 3305 ere

118 3322 313 3385 adnotavimus,
333 3320 410 3375 Ovid.
424 3321 497 3375 Fast.
510 3320 557 3384 IV,
577 3324 634 3375 399.
653 3322 685 3384 V,
706 3326 763 3375 515.
783 3322 846 3374 Luc.
864 3322 887 3382 l,
906 3323 963 3373 965.
982 3321 1068 3382 991),
1087 3318 1165 3372 modo
1184 3319 1295 3389 corripit

118 3389 207 3453 (Ouid.
227 3390 291 3442 Met.
312 3389 386 3451 Vlll,
405 3391 464 3440 201.
484 3388 561 3441 Fast.
581 3389 612 3452 V,
632 3392 711 3452 1931,
730 3388 859 3443 91Β991ι.
878 3387 913 3441 ad
928 3387 1083 3442 0919111191.
1102 3385 1122 3440 l.
1140 3385 1159 3438 1.
1179 3386 1294 3440 Conrad.

117 3455 152 3509 ad
179 3455 265 3508 eiusd.
289 3456 364 3508 Fast.
386 3455 405 3508 l.
430 3455 546 3524 primum
571 3455 590 3510 1.
613 3459 641 3509 91
661 3456 762 3511 Grotei.
787 3456 832 3510 Gr.
857 3456 917 3509 Lat.
942 3455 978 3509 ll.
1006 3461 1028 3519 ξ.
1053 3458 1077 3507 6.
1095 3453 1164 3506 Vide
1188 3454 1294 3507 omnino

118 3538 186 3592 quae
203 3538 283 3591 supra
301 3522 336 3575 ad
354 3538 380 3574 v.
403 3526 444 3575 35.
463 3523 659 3576 adnotavimus.
679 3557 711 3563 —
728 3524 992 3593 circumspicere
1010 3524 1053 3576 est
1072 3536 1151 3590 saepe
1169 3523 1197 3574 et
1215 3537 1294 3575 accu-

117 3593 177 3644 rate
203 3588 388 3657 contemplari.
423 3589 485 3643 Vid.
509 3589 600 3643 Plaut.
618 3590 675 3644 Mil.
698 3591 734 3659 gl.
753 3591 802 3655 IV,
828 3595 849 3657 1,
872 3596 896 3645 9.
932 3590 1012 3644 Μο91,
1031 3588 1068 3651 ΙΙ,
1091 3591 1115 3649 1,
1139 3592 1180 3642 11.
1216 3588 1292 3643 Ovid.

118 3657 198 3711 Trist.
217 3656 239 3724 I,
260 3661 283 3720 l,
303 3660 343 3711 85.
378 3656 529 3711 199199.
548 3657 595 3720 IV,
621 3662 661 3712 69.
679 3662 746 3714 eutr.
765 3661 792 3713 91
810 3659 844 3712 ci.
864 3674 945 3727 snpra
964 3656 1000 3721 ΙΙ,
1020 3659 1061 3710 69.
1080 3655 1169 3725 ibique
1188 3655 1293 3710 adnott.

117 3755 151 3764 -
168 3723 233 3785 518.
256 3724 437 3792 Postquam
458 3726 550 3777 videt
573 3724 619 3788 (91.
637 3726 702 3781 Aen.
729 3726 751 3788 l,
777 3730 824 3779 151
843 3744 900 3794 sqq.
918 3724 969 3787 Ill,
997 3727 1028 3776 37
1053 3740 1112 3792 sqq.
1139 3727 1195 3777 518.
1218 3726 1294 3787 cett.)

118 3800 238 3846 999919
255 3799 431 3851 constare,
456 3793 624 3860 „composita
640 3800 668 3847 91
687 3793 835 3862 tranquilla
851 3809 923 3856 esse,
948 3791 1025 3852 nihil,
1049 3789 1120 3859 quod
1137 3790 1293 3844 inconstan-

119 3861 186 3914 tiam
211 3863 239 3914 et
261 3859 420 3913 varietatem
443 3859 510 3912 caeli
528 3859 670 3923 ominetur,
693 3877 837 3915 occurrere.
873 3861 950 3913 Lacr.
969 3859 1016 3920 IV,
1039 3862 1098 3912 412.
1134 3859 1174 3910 Et
1189 3859 1295 3911 sanitae

118 3927 227 3989 audire,
252 3944 349 3980 999999
368 3926 479 3979 edacia
504 3927 593 3980 rscctr's
614 3928 740 3996 Undique
765 3948 825 3982 cura
843 3932 989 3981 99991991.“
1028 3926 1117 3992 11999.
1151 3925 1195 3980 Sic
1214 3924 1292 3980 Ovid.

120 3996 193 4050 l'ast.
212 3995 248 4055 II,
269 3999 326 4048 455.
340 3995 460 4062 flamma
477 4003 685 4062 concessant,
704 3997 721 4049 i.
742 4012 764 4049 9.
784 3997 886 4049 incerta
903 3998 967 4048 suut
985 3998 1066 4062 atque
1088 3992 1217 4047 infidelia.
1235 3993 1293 4047 Lis.

117 4063 239 4127 XXXIV,
262 4066 303 4126 31,
327 4066 351 4115 7.
374 4062 444 4114 aclco
462 4063 638 4132 pertractavit
659 4080 692 4116 ca
714 4082 766 4116 999
783 4080 879 4128 repara,
903 4061 1109 4123 9199999199,
1132 4080 1187 4114 999
1204 4061 1295 4113 assitis

117 4139 262 4210 9991919991,
284 4131 302 4183 i.
322 4147 345 4183 e.
370 4131 448 4182 9199
471 4133 598 4191 mutaret,
625 4133 677 4184 919.
697 4130 740 4183 Cf.
759 4131 840 4183 etiam
859 4130 962 4183 Walel.
980 4129 1015 4182 ad
1033 4129 1110 4181 Lucr.
1129 4128 1161 4195 V,
1185 4131 1242 4181 416.
1264 4158 1293 4165 -

117 4200 225 4261 99919,
251 4215 278 4251 m
304 4197 387 4276 caelo:
421 4197 493 4276 Serv.
518 4197 588 4251 male
608 4198 722 4252 tertium
746 4197 828 4252 babet
847 4198 955 4276 Casum,
979 4200 1010 4250 ut
1033 4203 1158 4274 caractere
1174 4196 1212 4248 sit
1230 4195 1247 4248 i.
1267 4213 1293 4262 q.

118 4264 1293 4412 119199111.11191119991399919111·9

117 4402 177 4455 Seu.
196 4402 291 4480 Agam.
310 4404 367 4454 428.
385 4400 568 4468 imprimisque
585 4401 686 4455 Lucan.
705 4400 738 4461 X,
766 4405 824 4453 399.
859 4400 949 4452 Haud
966 4400 1066 4452 clara
1084 4400 1232 4464 9199999119,
1259 4398 1294 4449 Ut

118 4487 182 4528 9999,
201 4487 299 4535 sapsa
317 4468 395 4521 dedit
413 4468 520 4528 castris,
540 4486 589 4521 999
604 4469 733 4538 prostitit
749 4486 829 4520 arrae
851 4467 941 4521 Ullius
958 4465 1089 4533 claapora
1106 4467 1210 4519 tabae.
1232 4465 1293 4518 Ser·

118 4535 177 4588 vius
203 4537 291 4589 urinas
317 4535 492 4604 probabiliter
521 4535 554 4590 de
581 4535 638 4590 tace
664 4538 755 4591 erecta
780 4535 891 4601 cogitat.
924 4564 949 4571 -
981 4542 1099 4586 castra
1126 4549 1292 4586 movemus

117 4602 191 4671 prius
209 4603 316 4671 proprie
334 4602 463 4671 capienda
482 4603 574 4658 censui
591 4602 624 4657 de
641 4602 739 4658 castris
756 4600 897 4659 navalibus
915 4618 936 4655 s.
954 4600 1071 4656 nauticis
1087 4600 1116 4654 in
1134 4599 1213 4655 litore
1232 4605 1292 4655 teu·
