2782 4958
403 266 405 270 ·
483 236 712 303 AENEIDOS
736 238 818 303 LIB.
841 239 897 304 v1.

113 400 302 486 Ingreditur
323 400 492 487 victorque
515 403 604 466 viros
626 403 845 490 supereminet
866 404 986 468 omnis!

110 484 179 548 Hic
199 505 269 547 rem
293 482 473 547 Romanam
496 507 615 570 magno
636 484 788 551 turbante
808 485 947 550 tumultu

111 567 224 644 Sistet,
245 586 342 652 eques
364 573 486 630 sternet
508 567 635 633 Poenos
658 565 854 653 Gallumque
874 567 1029 633 rebellem

117 649 233 714 Tertia
258 670 298 713 ue
319 669 411 713 arma
432 652 519 735 patri
542 651 718 738 suspendet
741 660 838 750 capta
859 651 1029 731 (666πὶ66.κ

112 731 225 818 Atque
236 671 300 796 liic
320 729 450 795 Aeneas
472 769 510 779 -
533 756 598 799 una
618 755 759 820 namque
779 754 829 798 rre
850 733 985 798 videbat

75 832 79 839 ·
108 814 201 899 Egre
228 815 293 879 'um
311 813 417 878 forma
436 813 586 881 iuvenem
609 827 641 880 et
658 814 857 902 fulgentibus
880 818 991 897 armis,
1147 886 1151 892 ,

109 896 178 961 Sed
213 918 292 962 rens
314 895 402 960 laeta
423 920 538 984 parum
562 908 593 963 et
615 898 741 964 deiecto
762 898 885 964 lumina
908 898 997 963 voltu
1019 923 1076 961 -:

108 978 226 1060 „Quis
249 987 352 1065 pater,
375 978 440 1060 ille,
462 983 569 1046 virum
592 984 648 1068 qui
671 983 719 1047 sic
740 981 912 1047 comitatur
934 981 1086 1046 euntem?

107 1060 216 1126 Filius
239 1084 323 1126 anne
346 1060 464 1160 aliquis
486 1086 607 1150 magna
629 1064 670 1128 de
692 1065 795 1150 stirpe
816 1064 993 1163 nepotum?

108 1144 178 1225 Qui
200 1145 355 1230 strepitus
378 1167 466 1210 crrca
493 1147 664 1212 comitum!
688 1157 843 1234 quantum
865 1155 969 1211 instar
990 1149 1023 1211 in
1045 1146 1137 1233 ipso!
1237 1159 1287 1209 Stis

110 1332 321 1341 -..-.--.-—

111 1480 156 1532 ap.
177 1460 254 1516 Ouid.
274 1462 338 1516 Met.
358 1461 401 1515 III
430 1464 486 1515 181.
508 1462 590 1517 Triat.
610 1463 631 1529 Ι,
652 1468 676 1528 2,
695 1467 735 1518 tu.
771 1464 864 1517 Avien.
884 1467 941 1516 640.
965 1464 992 1516 66
1009 1462 1075 1516 alibi
1093 1481 1125 1515 au
1146 1462 1291 1514 6666666666

113 1530 291 1608 6666666666.
307 1502 408 1608 ‘obiecti
426 1530 600 1584 construitur.
622 1561 654 1569 -
673 1531 738 1593 857.
768 1549 833 1584 rem
850 1532 1046 1583 Ronzaaom.
1065 1530 1105 1583 cf.
1125 1481 1202 1582 ilnnii
1221 1528 1288 1583 Anu.

109 1598 145 1652 fr.
178 1613 229 1651 mc.
258 1595 329 1651 sedis
350 1600 390 1649 to.
415 1613 439 1664 p.
463 1601 502 1651 68.
521 1597 599 1651 Vahl.
631 1600 685 1658 Qut
712 1617 767 1651 rem
786 1599 941 1651 Rauennam
960 1598 1122 1665 Latiumque
1148 1612 1291 1660 aequavere

109 1663 195 1719 malta
212 1667 240 1718 et
257 1663 321 1717 ibid.
341 1664 376 1716 fr.
394 1667 436 1717 41.
460 1681 485 1733 p.
505 1668 544 1718 73.
563 1666 692 1720 Moribus
718 1667 778 1720 anti
803 1667 838 1717 u'a
863 1683 907 1718 ree
933 1673 987 1718 stet
1003 1664 1133 1718 Romarm
1159 1665 1288 1732 uirisque.

109 1765 144 1772 -
162 1732 324 1785 tanrultas
341 1731 468 1785 Romanis
496 1731 631 1801 siguificat
649 1734 769 1787 subitum
809 1733 901 1799 cllum,
927 1733 970 1785 cui
989 1731 1111 1785 celeriter
1130 1747 1287 1785 succurren-

112 1801 179 1853 dum
199 1800 255 1862 est;
287 1815 368 1867 quare
386 1798 518 1867 imprimis
536 1802 689 1890 repentinae
707 1801 834 1866 bostium,
858 1800 999 1854 Gallorum
1017 1799 1141 1859 marimo,
1160 1799 1288 1852 incursio·

113 1882 162 1921 nes
180 1867 310 1920 tamaltes
327 1867 464 1920 vocantur.
491 1868 531 1921 Cf.
551 1868 606 1921 (ic.
626 1868 695 1922 Phil.
714 1868 790 1931 VIII,
813 1872 834 1929 l,
853 1871 877 1921 2.
904 1867 1010 1921 Servius
1027 1866 1098 1919 iufra
1115 1865 1148 1920 ad
1167 1866 1242 1928 VIII,
1263 1869 1287 1919 4.

112 1934 232 1988 Ernestii
249 1933 326 1987 Clau.
345 1933 399 1987 cic.
418 1933 471 1987 Kre
483 1934 565 2002 usigii
584 1934 671 1989 Gloss.
690 1935 746 1989 Liv.
770 1934 797 1989 h.
823 1951 848 1988 v.
873 1935 901 1987 et
917 1934 1004 1987 Kritz.
1031 1933 1065 1987 ud
1084 1934 1147 1988 Sall.
1167 1933 1226 1989 cat.
1247 1938 1288 1993 59,

112 2009 137 2081 ⁵:
156 2032 188 2039 -
208 2001 369 2054 Tarbare
401 1952 524 2079 absolute
547 2019 594 2070 pro
618 2003 713 2056 turbas
738 2002 806 2057 ciere
825 2001 927 2069 legitur
944 2000 1025 2055 etiarn
1045 2000 1099 2053 Mel.
1119 2000 1141 2067 1,
1164 2005 1211 2059 12..
1243 2001 1289 2052 ubi

111 2069 166 2123 rid.
185 2067 304 2147 aduott3
326 2068 367 2121 Cf.
387 2069 469 2121 etrum
488 2085 570 2135 supra
590 2070 624 2123 ad
642 2087 667 2123 v.
687 2074 744 2124 800.
780 2070 869 2123 Verba
894 2071 1049 2121 turbante
1070 2069 1211 2120 tumultu
1228 2066 1289 2119 hine

111 2138 324 2258 {tertullus
339 2135 622 2260 distinet
642 2137 1058 2272 tl4·n.li⁸a²⁸tt.r..{tl⁹
1076 2136 1198 2257 MIM
1215 2134 1291 2255 {Mt

111 2271 187 2326 Suet.
210 2270 252 2322 Au
273 2314 278 2324 .
299 2274 340 2324 28.
370 2269 485 2323 &aare
512 2289 546 2324 ac
572 2273 700 2341 sospitem
727 2290 786 2324 reru
812 2272 952 2341 publicam
982 2271 1075 2323 stetere
1098 2270 1128 2323 ia
1153 2288 1204 2324 666
1227 2271 1291 2322 aule

111 2340 198 2419 liceat
215 2287 320 2418 etiniy.
338 2337 389 2404 111,
408 2343 431 2392 6.
459 2337 535 2417 2661,
555 2343 596 2392 20.
614 2357 662 2392 nee
678 2339 740 2392 n'sti
752 2355 836 2408 porse
853 2339 997 2391 civitatem.
1016 2356 1081 2390 -e
1108 2354 1177 2417 ees,
1211 2353 1290 2390 eue-

113 2409 165 2460 666
194 2408 350 2459 certamine.
385 2406 492 2467 Nescio,
520 2422 554 2459 an
572 2406 664 2475 Henry
682 2409 750 2472 (Tro.
769 2423 850 2474 peors
867 2406 913 2459 VI.
938 2421 964 2472 p.
983 2408 1022 2458 53.
1042 2407 1070 2458 et
1085 2355 1185 2458 lhrlol.
1202 2404 1228 2457 X
1283 2445 1289 2458 .

112 2491 138 2543 p.
154 2475 225 2537 646.)
245 2475 273 2526 66
285 2472 438 2541 Conington
455 2473 536 2527 verba
553 2491 632 2542 eques
650 2481 748 2527 sterrrct
765 2475 837 2527 recte
855 2471 988 2541 explicent
1004 2487 1051 2538 per
1064 2471 1290 2551 6666666666,

111 2540 224 2609 ungulis
244 2557 258 2594 6
277 2540 305 2593 ui
325 2540 368 2593 sui
385 2541 511 2610 proteret,
541 2541 715 2608 proculcabit.
735 2570 767 2579 —
789 2540 933 2606 Poenos,
962 2539 1025 2607 quia
1042 2553 1073 2592 eo
1094 2537 1161 2592 duce
1177 2537 1290 2591 Romam

112 2609 230 2678 primum
275 2607 428 2662 annibalem
446 2607 567 2661 vicerunt
584 2609 619 2663 ad
637 2608 743 2668 Nolam.
774 2608 822 2661 ubi
839 2607 974 2677 equitatus
992 2605 1128 2685 egregiam
1151 2605 1292 2724 praestitit

113 2692 233 2744 operam.
266 2676 317 2743 (Cf.
336 2675 392 2730 Liv.
414 2675 515 2741 XXIII,
538 2680 576 2728 16.
596 2678 624 2730 66
641 2675 714 2730 Plut.
733 2675 852 2729 Marcell.
874 2675 925 2738 lt.)
944 2674 1032 2740 Magrs
1050 2673 1133 2726 etiam
1171 2690 1200 2725 oe
1218 2671 1292 2726 valet
1326 2697 1332 2705 ·

113 2743 146 2797 dc
164 2743 275 2797 victoria
294 2759 307 2796 e
327 2743 422 2804 uestri,
440 2759 520 2812 quam
540 2743 684 2797 Marcellus
705 2744 738 2797 de
757 2742 861 2796 Gallo
889 2742 1017 2794 rebelle
1035 2756 1111 2794 caeso
1130 2740 1291 2793 Virdomaro

113 2828 141 2864 re
163 2810 271 2864 ortarit.
308 2816 316 2874 (
342 2810 386 2863 ide
406 2813 506 2879 supra.)
526 2843 557 2850 -
575 2809 638 2872 859.
661 2819 771 2881 copto.
807 2810 848 2864 cf.
868 2808 972 2862 adnott.
994 2807 1028 2861 ad
1045 2806 1082 2870 Π,
1101 2812 1158 2860 765,
1193 2807 1289 2861 Markl.

113 2895 130 2932 a
167 2879 238 2932 Stat.
258 2877 322 2932 Silr.
339 2877 373 2944 V,
391 2881 416 2943 2,
445 2880 501 2931 148.
532 2880 638 2947 praeter
655 2879 843 2932 necessitatem
865 2876 932 2929 coni.
951 2882 1043 2945 rapte,
1075 2874 1136 2928 coll.
1157 2875 1221 2929 Geo.
1240 2875 1291 2940 111,

112 2949 154 2999 32.
175 2946 241 3000 Aen.
258 2944 293 3006 X,
311 2948 370 2999 449.
394 2946 421 2999 66
444 2949 502 2999 462.
538 2945 590 3000 Sed
620 2953 703 3016 copta
725 2945 853 2999 Ribbeck.
881 2945 1013 2997 memorat
1045 2940 1152 2995 delendi
1177 2941 1236 3009 lege
1258 2941 1291 2995 de

113 3013 208 3082 spoliis
226 3012 331 3081 opimis,
351 3027 420 3082 quae
437 3028 454 3066 a
474 3055 480 3066 .
498 3013 610 3066 Festum
628 3030 652 3082 p.
675 3016 730 3067 186.
749 3012 786 3066 M.
805 3012 902 3066 exstet.
937 3010 1062 3064 Ceterum
1080 3008 1140 3063 virle
1158 3026 1188 3062 su
1210 3025 1240 3062 ra
1256 3008 1291 3061 ad

112 3097 138 3133 r.
158 3085 217 3134 855.
240 3111 270 3119 --
286 3080 354 3133 Cum
372 3096 395 3135 v.
416 3030 474 3141 866
492 3097 504 3133 s
525 3096 550 3148 q.
581 3080 667 3148 Heyu.
693 3079 809 3136 conferri
834 3079 910 3132 iubet
934 3077 1114 3156 imitationem
1132 3092 1175 3145 ap.
1191 3027 1289 3129 billum

112 3148 190 3210 xfll,
211 3151 261 3201 tta
282 3163 339 3217 sqq.
361 3149 389 3201 ct
406 3147 469 3201 Eur.
487 3147 510 3200 P
531 3164 587 3202 ocu.
610 3152 657 3201 102
683 3166 739 3218 sqq.
762 3151 885 3216 lttsqq.
905 3144 994 3198 -De
1021 3143 1147 3197 laudibus
1166 3145 1202 3197 M.
1220 3143 1290 3196 Mar·

113 3214 185 3277 oelb‘,
204 3215 331 3270 Octaviae
349 3215 406 3278 filii,
442 3231 504 3270 uem
517 3215 657 3283 Angustus
675 3216 852 3284 adoptaverat
869 3228 1049 3281 generumque
1061 3211 1170 3273 fecerat,
1189 3213 1221 3265 ut
1239 3210 1292 3263 sibi

113 3284 143 3337 in
158 3232 445 3404 gnpgriqplucqederdl
463 3282 524 3347 (Dio
542 3282 791 3404 ⁰³⁸⁸'bitffl’f36‘1l'
811 3282 916 3403 qrbiqueI
927 3281 976 3400 qq
989 3295 1088 3400 appurn
1105 3279 1291 3399 Xlzlliluuths

112 3367 157 3471 33.
178 3390 239 3471 ben:
258 3368 336 3471 donn.
356 3366 583 3472 ppumsppriququrcp
601 3366 625 3472 i
636 3367 711 3472 liulii.c
726 3367 883 3471 'Sudines'
896 3388 929 3469 db
954 3388 1010 3493 eius
1028 3364 1180 3468 uilitibuse
1193 3362 1291 3481 qidpuld

112 3487 268 3553 susceptam
300 3484 383 3539 fuisse
408 3485 642 3553 exspectationem,
672 3486 740 3539 satis
758 3487 872 3538 constat.
908 3482 1289 3544 cf.u100sss.111,3o.--

112 3571 191 3614 666,
211 3553 268 3605 scil.
287 3569 348 3606 cum
367 3551 505 3607 Marcello
523 3552 579 3606 illo.
599 3583 632 3590 -
649 3552 710 3614 861.
743 3553 832 3606 Verba
851 3550 1032 3619 Epreqium
1055 3552 1168 3613 forme
1199 3549 1291 3601 6666-

112 3637 183 3674 aem
211 3621 369 3688 repetuntur
396 3620 423 3672 in
442 3620 525 3673 Anth.
546 3620 606 3674 Lat.
625 3621 647 3683 l,
670 3623 726 3681 172,
748 3622 770 3671 t.
799 3624 827 3673 ot
845 3623 886 3673 tr.
924 3618 965 3670 Of.
992 3616 1073 3672 ctiam
1092 3616 1164 3670 infra
1182 3616 1215 3678 X,
1233 3619 1292 3670 435.

113 3718 146 3726 -
163 3687 382 3755 [6666646666
406 3688 520 3752 oratis,
540 3687 651 3809 idcoqpe
671 3687 837 3743 bellicosum.
856 3714 889 3724 -
907 3681 972 3745 862.
995 3688 1104 3753 froas
1122 3685 1213 3738 laeta
1224 3702 1291 3810 pu·

114 3773 198 3816 ram,
221 3753 279 3808 scil.
302 3771 383 3823 quam
404 3755 552 3823 exspectari
570 3771 604 3823 po
634 3757 668 3820 st,
688 3771 765 3808 omen
784 3756 826 3807 cst
842 3754 1030 3823 praematurae
1049 3753 1153 3806 mortis.
1173 3783 1202 3791 —
1243 3750 1290 3811 63.

115 3823 198 3882 Quis
216 3822 301 3876 Prisc.
331 3822 393 3886 llll,
424 3826 448 3885 3,
483 3826 523 3876 15.
552 3822 624 3876 bunc
652 3838 760 3876 versum
789 3822 903 3874 afferens
932 3823 1004 3873 recte
1023 3820 1061 3873 sic
1078 3820 1291 3887 interpretatur:

115 3891 204 3954 „Cum
234 3890 373 3957 ignoratur
397 3889 506 3959 propria
524 3889 581 3943 eiua
617 3891 726 3953 ualitas,
759 3889 898 3959 quaeritur
915 3892 1039 3942 numen.“
1075 3887 1117 3941 ct.
1135 3887 1240 3940 adnott.
1257 3886 1291 3940 od

112 3957 170 4011 Ecl.
188 3957 211 4023 l,
234 3962 273 4011 19.
292 3987 326 3996 -
343 3959 406 4019 az'c,
436 3908 660 4026 quemadmodum
679 3961 759 4012 antea
777 3955 926 4025 descriptus
945 3957 999 4017 est3
1028 3957 1086 4007 tam
1103 3954 1176 4008 tristi
1196 3955 1291 4021 specle.

112 4024 268 4093 Conington
287 4041 358 4087 vero,
379 4041 439 4078 cum
458 4024 509 4079 hae
528 4025 702 4093 explicatione
720 4027 930 4094 praeoccupetur
949 4038 974 4076 v.
987 4025 1053 4087 866,
1072 4022 1113 4074 sic
1129 4021 1172 4075 hic
1185 4022 1292 4074 omnino

112 4092 267 4159 significare
285 4096 376 4147 censet
395 4093 475 4158 „ttae
492 4109 525 4145 aa
543 4100 668 4147 roesee.‘⁴
687 4125 719 4132 -
738 4092 802 4154 866.
836 4092 900 4150 erat
928 4091 1091 4160 strepitus
1118 4090 1216 4143 cirea
1238 4108 1292 4142 eo·

111 4160 239 4226 mitam,
269 4160 340 4214 undo
368 4159 442 4214 lavor
471 4160 607 4230 popularis
639 4162 762 4228 cognosci
809 4161 887 4213 otest.
905 4187 936 4196 -
955 4157 1019 4219 Qui
1042 4159 1132 4211 autom
1157 4174 1204 4225 pro
1230 4156 1293 4225 quar

112 4227 199 4350 664
308 4227 485 4349 oute
499 4229 533 4349 6
549 4179 1146 4349 plurmumrunnu
1168 4223 1292 4344 Mn

111 4380 166 4417 non
187 4312 436 4442 iiiterrogatIonem,
469 4362 515 4416 sed
538 4312 935 4417 exeusatioriim'hane'amus.
956 4310 1160 4433 Β’66666666
1182 4359 1293 4411 instar

111 4433 146 4485 ia
164 4434 177 4485 i
206 4450 242 4484 sc
261 4447 336 4499 prius
348 4430 469 4485 Servium
488 4432 597 4483 secutus
615 4431 776 4484 insolentius
795 4428 897 4482 dictum
915 4428 997 4481 habui
1016 4444 1076 4495 pro:
1098 4431 1200 4495 quanta
1220 4427 1292 4479 simi·

111 4499 201 4553 lituo
233 4497 257 4551 ei
287 4503 330 4552 est
354 4514 414 4551 cnm
432 4497 480 4550 illo
500 4496 612 4551 Claudio
631 4497 757 4551 Marcello
776 4495 928 4575 (quinquies
948 4494 1083 4558 Consule),
1133 4510 1192 4547 uem
1211 4494 1291 4547 corni-

111 4571 197 4630 tatur,
230 4565 299 4633 quod
319 4566 432 4619 maxime
449 4563 483 4618 ad
502 4568 647 4628 augustum
669 4564 785 4634 eorporis
803 4563 925 4615 habitum
945 4564 1065 4629 spectaro
1086 4511 1192 4682 pilari:
1222 4578 1292 4615 nunc

112 4651 184 4698 vcro,
218 4632 345 4701 perlectis
376 4633 418 4694 iis,
451 4648 519 4700 quae
537 4632 629 4701 Henry
651 4633 679 4685 in
699 4634 753 4685 Tm.
773 4647 852 4701 paors
871 4629 916 4682 VI.
935 4645 962 4696 p.
981 4633 1021 4685 54.
1041 4631 1069 4683 66
1110 4628 1185 4683 hilol.
1205 4629 1290 4684 XVII.
