2850 4980
446 179 678 246 AENEIDOS
700 182 783 249 LIB.
804 183 847 250 11.
894 127 896 131 ·

61 348 141 411 Feta
165 349 281 411 armis.
324 346 424 412 Pueri
444 348 566 413 circum
584 349 804 436 innuptaeque
825 351 952 438 puellae

61 430 164 494 Sacra
188 439 315 495 canunt
334 431 507 517 funemque
528 454 626 496 manu
647 435 834 518 contingere
855 435 1007 533 gaudent.
1106 443 1110 450 '

61 513 118 578 llla
142 513 237 578 subit
260 513 453 600 mediaeque
472 515 600 579 minans
622 515 778 580 inlabitur
798 517 879 582 urbi.
1194 534 1244 583 atu

64 597 89 662 Ο
110 599 240 683 patria,
264 620 283 661 o
307 596 416 661 divom
439 596 551 662 domus
573 597 669 662 Ilium
693 609 724 662 et
744 599 867 665 incluta
887 600 970 665 bello
1239 634 1252 672 ι

63 680 195 744 Moenia
217 679 468 745 Dardanidum!
491 689 605 767 quater
626 683 747 767 ipsein
768 682 878 748 limine
926 694 1018 749 ortae

71 764 228 828 Substitit
250 775 348 848 atque
369 771 459 829 utero
482 765 620 829 sonitum
644 774 758 851 quater
781 789 872 832 arma
895 707 1027 850 deder03

63 1020 102 1069 ii.
132 1016 288 1069 Irraendunt
311 1014 385 1069 collo
410 1014 544 1069 mulonem
564 1016 675 1069 uincula
698 1024 808 1070 nautae.
827 1048 860 1057 -
880 1019 1021 1072 Scrinciit
1036 1034 1153 1082 micros,
1174 1018 1199 1069 b.
1220 1035 1242 1072 e.

64 1083 264 1162 transscendit3
286 1084 386 1162 'maior‘
400 1083 496 1151 imago,
518 1083 642 1152 quamsi
663 1086 768 1151 portam
786 1086 878 1145 intrat,
904 1102 980 1153 quac,
1005 1101 1142 1137 murorum
1159 1085 1244 1152 impo-

65 1156 179 1205 sitorum
192 1155 224 1204 ct
240 1154 434 1220 attingentmm
443 1153 520 1219 parte
534 1151 645 1211 deiecta,
661 1154 719 1204 erat
731 1152 812 1204 latior
823 1153 910 1214 factm
929 1153 961 1205 cf.
975 1153 1023 1205 inf.
1040 1153 1243 1215 V1,514.515.“

65 1220 97 1271 H
149 1264 155 1271 .
169 1219 313 1272 &undae
330 1237 423 1271 marroc
435 1226 459 1269 et
471 1220 579 1271 moenio
596 1219 679 1271 etiam
691 1236 734 1288 ap.
747 1219 851 1272 Litium
864 1222 895 1277 V.
911 1224 951 1273 21.
962 1220 1059 1280 XXIX,
1072 1224 1095 1272 7.
1106 1219 1189 1279 XXX,
1203 1224 1243 1272 30.

64 1288 99 1341 al
127 1288 243 1355 egimus.
258 1288 311 1354 (ef.
327 1286 410 1340 eiuud.
421 1286 472 1353 ΠΙ,
487 1289 528 1340 65.
543 1287 569 1339 et
585 1286 631 1349 IV,
645 1289 689 1346 2.).
703 1319 735 1326 -—
747 1305 817 1339 mae
830 1290 900 1340 rina
913 1288 1045 1353 fatain,
1063 1287 1126 1355 quin
1140 1287 1166 1338 in
1180 1287 1245 1339 fatis

65 1357 174 1416 matut
187 1371 307 1422 peream
318 1354 396 1408 Troia
415 1353 625 1407 exscinderetur.
644 1354 686 1407 Sic
695 1354 755 1414 VII,
771 1358 825 1409 115.
842 1357 934 1421 faciale
951 1362 1069 1407 crciatum
1081 1359 1108 1407 et
1122 1354 1169 1416 XI,
1189 1358 1243 1408 129.

63 1423 169 1488 fatales
186 1440 329 1475 murorum
340 1423 432 1475 moles.
445 1422 505 1474 Alio
521 1439 601 1475 sensu
614 1423 722 1489 satiricis
737 1422 836 1475 dicitur
852 1423 898 1484 IX,
912 1427 967 1476 133.
980 1452 1013 1460 —
1026 1423 1116 1485 „feto
1133 1423 1244 1488 urrais,

64 1491 217 1559 plenaviris
226 1490 339 1543 armatis
352 1490 416 1558 [vid.
429 1489 573 1543 adnottad
587 1491 651 1543 Aen.
662 1489 684 1550 Ι,
696 1491 757 1557 51.];
771 1492 801 1542 ut
813 1491 866 1543 iam
880 1489 1010 1560 iyxdprm’
1025 1494 1116 1541 ἵππον
1126 1491 1245 1555 τευχέων

62 1575 104 1627 ap.
124 1558 219 1626 Eurip.
239 1558 298 1612 Tro.
321 1561 368 1621 11,
386 1557 414 1609 h.
433 1575 456 1611 e.
474 1557 600 1623 ἔνοπλον,
618 1560 650 1610 ut
666 1556 731 1610 ibid.
750 1574 774 1608 v.
792 1562 865 1619 524.;
883 1575 964 1611 surra
980 1575 1006 1610 v.
1024 1561 1065 1609 20.
1082 1563 1187 1607 rituum
1206 1555 1245 1608 di-

64 1629 150 1680 xerat.
169 1626 223 1679 nn:
242 1625 289 1688 IV,
308 1629 366 1679 516.
383 1633 518 1678 orinatum
534 1627 652 1694 peditem
664 1625 757 1687 arania
775 1626 867 1677 ottaaiit
888 1577 960 1678 edm.
997 1624 1082 1677 Lacus
1102 1637 1192 1677 autem
1211 1640 1242 1675 ex

65 1694 196 1747 Ennianis
209 1709 350 1760 expressus
363 1709 405 1760 ap.
419 1693 537 1746 Macrob.
549 1693 596 1755 VI,
611 1696 633 1747 2.
647 1693 730 1760 [Alex.
741 1692 775 1745 fr.
790 1697 829 1745 ll.
842 1711 868 1762 p.
878 1697 932 1748 tol.
941 1692 1029 1759 Vahll
1040 1693 1114 1744 Nom
1127 1691 1244 1743 mari-iao

65 1762 149 1815 Saltu
160 1762 306 1831 superauit
334 1761 449 1814 ravidan
462 1761 576 1813 armatae
589 1779 671 1829 equus
688 1790 700 1801 ·
712 1791 724 1801 -
741 1762 796 1818 (λιιι
805 1778 855 1813 saro
862 1770 948 1830 partu
959 1763 1050 1811 oraluu
1060 1762 1163 1829 perdat
1176 1758 1244 1809 Per·

62 1832 177 1898 φυκί’
198 1830 232 1881 Η
271 1849 288 1882 ι.
343 1829 444 1881 .ctiam
458 1828 535 1881 Luci.
550 1829 573 1889 I,
589 1833 646 1881 477.
664 1829 948 1881 Neoclamduroimm
961 1828 1092 1880 Troianis
1105 1827 1243 1893 Perperna

87 1905 168 1950 ortu
191 1848 391 1983 luanrmaau
416 1914 499 1964 equus
526 1904 691 1948 tracturae
715 1894 948 1965 Graiiugenarum.
974 1927 1006 1935 -
1024 1893 1090 1953 238.
1110 1895 1242 1946 circum.

88 1965 125 2018 id.
151 1964 188 2018 ad
212 1965 268 2017 ltcl.
291 1963 347 2025 III,
372 1968 413 2016 45.
435 1995 468 2002 -
493 1965 668 2030 innuptae.
704 1962 764 2015 Vid.
788 1979 869 2031 supra
892 1980 917 2016 v.
941 1967 981 2015 50.
1019 1963 1145 2014 Fortasse
1171 1960 1243 2013 hunc

63 2033 154 2086 locum
172 2036 237 2085 ante
265 2031 356 2084 ocules
380 2031 476 2084 habuit
494 2031 564 2083 Stat.
585 2031 668 2084 Theb.
687 2030 733 2093 IV,
760 2033 796 2083 16,
829 2032 942 2099 Iarrzque
959 2048 1024 2082 auos
1041 2029 1144 2082 circum
1160 2029 1245 2097 pareri

64 2103 252 2169 innuptaeque
274 2106 421 2180 patresque
448 2099 614 2151 Fuadantur
630 2099 709 2150 minti
729 2100 757 2150 et
776 2098 841 2152 silv.
860 2098 881 2158 I,
903 2104 926 2159 l,
949 2100 988 2149 12.
1008 2097 1068 2149 Nec
1085 2113 1164 2164 prope
1175 2113 1244 2175 per·-

62 2170 149 2220 mixto
164 2169 251 2248 pueri
272 2176 455 2236 innuptaeque
500 2165 596 2218 ruitae.
632 2166 777 2219 Praeterea
801 2167 983 2236 innuptaeque
998 2164 1111 2236 praellae
1128 2150 1243 2231 legimus

63 2237 149 2290 etiam
167 2253 197 2288 ιιι
215 2235 314 2288 Auson.
329 2242 399 2287 cent.
417 2250 471 2303 nup
488 2277 492 2287 .
512 2237 553 2286 aa.
572 2265 605 2272 —-
622 2232 687 2293 239.
707 2250 809 2286 socru
827 2251 932 2286 carram
950 2275 956 2296 ,
977 2249 1013 2285 sc.
1033 2232 1159 2292 carmina,
1180 2231 1205 2284 h.
1221 2248 1242 2284 e.

64 2304 196 2371 byrnnos,
224 2305 257 2356 ut
280 2318 377 2355 canere
420 2303 540 2353 uerelam
562 2301 623 2354 Gee.
650 2300 677 2363 Ι,
701 2304 759 2354 378.
795 2301 892 2354 Vocem
918 2303 1009 2355 autem
1029 2300 1153 2352 carmina
1170 2298 1242 2350 baud

63 2388 126 2426 raro
144 2370 246 2433 omitti,
267 2369 302 2423 ad
322 2368 378 2422 Bel.
396 2320 456 2428 till,
474 2372 516 2420 22.
535 2368 683 2424 docuimus.
719 2369 844 2422 Ceterum
862 2369 947 2436 Heyn.
966 2368 1087 2429 adnotat,
1107 2367 1150 2418 bic
1170 2370 1197 2417 ct
1214 2367 1241 2418 in

63 2444 125 2491 toto
150 2437 209 2491 loeo
234 2438 378 2492 manifesta
405 2452 462 2489 esse
486 2436 622 2504 Euripidei
645 2435 718 2489 chori
743 2436 859 2504 vestigia
876 2435 972 2489 Troad.
996 2439 1045 2487 526
1063 2452 1120 2503 sqq.
1153 2434 1243 2486 Verba

64 2507 158 2560 sacra
180 2512 284 2558 canunt
301 2504 365 2556 hinc
388 2503 496 2572 repetiit
518 2506 619 2557 Auson.
647 2506 715 2558 cent.
738 2506 812 2571 nupt.
838 2507 877 2557 24.
902 2534 931 2542 —
950 2503 1081 2555 mediae
1104 2503 1193 2561 urii,
1213 2502 1242 2553 in

63 2576 110 2627 die
128 2572 289 2636 eipcntlicie
307 2572 397 2638 sude,
415 2587 482 2640 qnae
502 2570 646 2639 opponitur
662 2571 749 2623 raineria
765 2586 799 2636 cv.
819 2573 897 2629 234).
920 2571 1005 2636 Hepn.
1030 2570 1095 2622 haec
1113 2569 1241 2622 adnotat:

66 2641 186 2709 „Omnia
203 2639 293 2693 media
310 2639 450 2701 dicuutur,
474 2655 541 2708 quae
558 2641 620 2707 post
637 2639 714 2690 inItia
733 2640 797 2691 sunt
822 2639 883 2706 [vid.
903 2639 936 2690 ad
956 2639 1019 2690 Aen.
1039 2637 1060 2698 1,
1079 2637 1159 2704 5051.
1179 2635 1204 2688 Ιι.
1223 2635 1245 2689 l.

65 2711 134 2761 urbe
161 2709 256 2761 merim
273 2711 315 2760 est
331 2709 390 2760 tota
409 2706 474 2759 urbs
491 2706 564 2759 intra
581 2722 684 2767 muros;
715 2706 767 2758 etsi
788 2722 849 2758 vere
876 2724 923 2774 por
946 2704 1061 2757 mediam
1088 2704 1180 2756 urbem
1208 2702 1243 2755 ad

66 2793 158 2831 arcem
179 2775 278 2829 ductus
296 2776 339 2828 est
356 2791 448 2842 equus,
468 2775 500 2826 ut
516 2773 637 2826 Palladis
655 2773 683 2825 in
701 2773 803 2840 temple
821 2774 1005 2826 collocaretur.
1041 2771 1081 2826 Cf.
1106 2770 1195 2839 Eun'p.
1224 2770 1241 2823 l.

66 2863 89 2898 c.
109 2849 170 2897 stu.
189 2847 247 2896 541.
266 2845 295 2896 et
312 2840 352 2895 Od
364 2857 406 2894 us.
425 2841 499 2903 VIII,
519 2845 578 2893 504.
604 2871 637 2879 -
662 2841 792 2892 miricae
810 2841 898 2909 simpl.
918 2841 952 2893 ad
972 2838 1143 2893 altitudinem
1162 2837 1240 2890 refer.

66 2912 149 2973 Nam,
190 2927 240 2964 uae
264 2858 409 2963 altitudine
431 2925 480 2962 sua
503 2925 583 2977 super
604 2909 694 2960 cetera
712 2908 842 2970 eminent,
863 2908 959 2960 minari
978 2908 1009 2959 iis
1027 2905 1163 2958 dicuntur.
1199 2904 1240 2956 cf.

67 2982 136 3033 nen.
208 3020 215 3035 .
244 2981 285 3031 86.
317 2979 344 3030 et
368 2976 460 3030 ὃθιι.Η
495 2975 571 3028 Adde
590 2976 656 3028 Aen.
679 2975 700 3042 l,
721 2979 776 3028 162.
796 2976 832 3041 II,
852 2979 908 3028 628.
929 2973 1002 3033 VIII,
1022 2976 1079 3025 668.
1105 2971 1242 3024 etBurm.

66 3048 103 3100 ad
122 3047 185 3100 Val.
203 3045 245 3098 m.
264 3044 310 3108 IV,
333 3048 389 3096 tta.
423 3043 520 3096 Melius
540 3045 629 3096 autem
647 3043 797 3109 iunguntur
816 3043 897 3095 verba
915 3042 1040 3093 illabitur
1057 3040 1122 3091 urii
1136 3039 1242 3090 mediae

67 3114 115 3179 ade
136 3130 192 3184 qua
214 3111 412 3165 constructione
442 3110 495 3165 vid,
518 3127 587 3179 qnae
612 3109 646 3163 ad
670 3111 726 3163 acl.
757 3110 868 3174 11,30.,
897 3110 968 3161 intra
988 3106 1066 3159 adv.
1085 3109 1151 3171 688,
1177 3105 1243 3157 alibi

65 3182 268 3242 adnotavimus)
293 3180 408 3241 rainone,
434 3195 514 3247 quam
533 3179 640 3230 minans
661 3179 767 3230 mediae
783 3179 853 3243 urbi,
881 3176 950 3244 quod
969 3175 1084 3227 tenuius.
1104 3203 1132 3210 —
1153 3171 1240 3231 ‘241-

66 3247 134 3310 ‘243
167 3250 279 3301 diuam
307 3250 424 3300 domare
451 3246 531 3299 flium
561 3247 679 3305 vocatur,
710 3245 780 3314 quod
812 3260 940 3311 maguum
972 3240 1057 3295 habet
1081 3241 1242 3309 templerum

69 3333 214 3370 nnmerum
235 3315 346 3383 ideoque
363 3313 486 3382 pluribus
504 3313 556 3364 diis
573 3313 708 3366 incolitur.
744 3312 785 3365 Cf.
803 3312 907 3365 adnott.
933 3311 966 3363 ad
986 3311 1052 3363 Aen.
1073 3308 1094 3372 I,
1116 3313 1155 3361 le.
1194 3308 1243 3362 Ce-

67 3390 158 3438 terum
172 3401 196 3436 v.
209 3386 267 3435 241.
283 3382 374 3435 Seruio
387 3383 457 3434 teste
470 3381 507 3446 (ii
520 3382 596 3432 totus
610 3383 652 3433 est
664 3380 811 3432 Ennianus.
827 3378 877 3438 ted.
888 3378 992 3431 Hesscl.
1006 3395 1032 3446 p.
1048 3379 1114 3430 taut
1133 3377 1242 3444 Cogitat

68 3457 162 3506 autem
181 3449 380 3505 Grammaticus
397 3449 468 3501 haud
488 3447 567 3501 dubie
585 3446 618 3501 de
634 3448 681 3500 illo
699 3447 778 3500 Ennii
794 3446 865 3507 leco,
894 3463 970 3515 quem
994 3445 1065 3498 infra
1088 3445 1122 3498 ad
1140 3460 1165 3497 v.
1183 3448 1240 3497 501.

66 3519 223 3573 attulimus.
243 3550 276 3558 -
296 3518 362 3579 „Va
379 3513 445 3574 242.
464 3515 498 3568 ad
516 3515 605 3567 omina
617 3516 742 3584 pertinet,
760 3529 827 3583 quae
845 3514 938 3582 putide
956 3513 1109 3582 exsequitur
1126 3511 1241 3577 Quintus

66 3588 124 3640 Cal.
154 3586 217 3640 XII.
248 3602 273 3638 v.
305 3588 354 3638 503
384 3600 441 3703 sqq.
476 3583 624 3652 Expressus
647 3599 660 3636 e
682 3584 775 3635 nostro
793 3582 907 3635 Senecae
933 3582 1026 3649 Agam.
1047 3597 1072 3632 v.
1093 3583 1142 3633 628
1161 3584 1238 3648 sqq.“

68 3655 155 3724 Hcyn.
176 3653 281 3707 Peerlk.
299 3652 404 3705 confert
440 3651 516 3703 ilium
533 3651 555 3714 I,
575 3653 632 3704 598.
665 3649 811 3719 Opatria,
835 3648 954 3702 oFidci
975 3651 1071 3701 ἀοηιιιε
1088 3649 1191 3701 inclita
1210 3650 1238 3700 et

66 3723 112 3779 Vl.
144 3726 205 3775 479.
240 3719 388 3787 Curthopa
417 3720 552 3783 fracidam
581 3720 685 3771 domus.
720 3718 846 3770 Ceterum
876 3733 927 3785 qua
950 3717 1008 3770 iure
1031 3717 1111 3770 Ilium
1131 3669 1241 3767 duom

65 3792 182 3843 domne
209 3787 370 3857 appelletur,
401 3787 513 3854 apparet
535 3784 607 3838 infra
633 3800 663 3837 ex
685 3801 709 3837 v.
740 3787 798 3838 351.
828 3817 862 3824 -
893 3781 959 3842 242.
990 3785 1239 3837 Dardanidum.

67 3858 104 3911 De
121 3858 174 3911 bac
192 3857 281 3909 forma
298 3853 353 3908 vid.
372 3853 475 3906 adnott.
494 3852 529 3906 ad
547 3854 614 3906 Aen.
632 3851 654 3913 I,
675 3855 734 3905 565.
758 3884 790 3891 -
816 3860 940 3921 quater
963 3852 1044 3922 ipro
1066 3852 1102 3902 in
1124 3851 1240 3903 limine

66 3931 114 3979 etc.
151 3926 221 3978 Οιιιιι
241 3921 342 3975 bomini
362 3920 404 3974 vel
421 3921 447 3973 in
469 3919 582 3974 redienti
600 3919 642 3973 vel
659 3918 807 3987 egredienti
827 3919 976 3972 ominosum
998 3922 1140 3987 putaretur
1157 3917 1239 3969 limen

65 4000 176 4062 tangere
195 3991 242 4051 (cf.
254 3990 333 4044 Ovid.
346 3989 427 4067 'frist
456 3992 501 4053 ,3‚
515 3993 598 4067 ⁵.⁵.⁸q·
619 3986 674 4039 Ter
691 3987 772 4041 limen
791 3988 868 4067 tetipi
877 4007 887 4054 ,·
907 3995 947 4039 ter
963 4005 1020 4038 uam
1039 3992 1198 4069 reapeataa;
1217 3992 1242 4062 et

64 4058 474 4199 immitit?
486 4055 676 4183 libili?
692 4051 1241 4190 tit·0“nini;.,⁴.2t..ic.¹nt

62 4199 151 4250 Initia
171 4196 239 4251 da'ai
264 4193 289 4246 0
312 4209 405 4245 cneum
422 4193 452 4244 in
469 4199 555 4260 porta
573 4190 653 4256 ripun
670 4190 779 4243 duliam
816 4192 906 4242 edem!
924 4187 1089 4240 I'aubmann.
1103 4184 1138 4236 ad
1147 4184 1238 4237 Plaut.

61 4267 119 4320 Cas.
146 4265 186 4320 IV
193 4306 201 4330 ,
224 4267 261 4324 4,
305 4301 311 4314 .
341 4258 491 4313 Broukhus.
516 4261 543 4311 et
561 4257 642 4311 Bach.
662 4257 696 4310 ad
716 4208 814 4310 albuli
834 4257 854 4310 l.
872 4256 891 4307 l.
917 4258 945 4308 et
964 4254 1083 4321 interpp.
1108 4251 1142 4304 ad
1159 4251 1237 4306 Ovid.

62 4336 117 4389 lm.
136 4335 158 4395 I,
184 4335 226 4391 12,
245 4332 292 4393 2.),
339 4344 402 4380 uam
420 4327 533 4380 manne
558 4325 707 4378 infaustum
732 4340 807 4377 omen
832 4322 925 4376 haberi
943 4321 1067 4376 debebat.
1086 4318 1155 4388 quod
1173 4319 1240 4372 haec

59 4403 198 4463 machina,
224 4413 297 4468 quae
320 4346 380 4450 deri
404 4411 456 4447 uon
478 4395 585 4463 poterat
607 4395 638 4445 ut
660 4393 742 4445 limen
764 4393 852 4459 ipsum
872 4405 923 4442 ncn
947 4390 1080 4467 tangeret,
1101 4389 1128 4438 in
1146 4386 1239 4467 limine

168 4466 306 4524 maestitia
342 4462 469 4516 Ceterum
487 4461 520 4515 cf.
540 4460 629 4515 Senes.
649 4460 744 4528 agam.
769 4461 825 4512 628,
857 4464 1016 4523 tremuitque
1031 4473 1113 4524 caepe
1132 4455 1238 4507 Limine

58 4559 82 4592 za
107 4542 173 4612 ipso
201 4535 330 4604 sonipes.
364 4562 391 4570 -
415 4539 541 4610 quater
570 4556 611 4569 -·
636 4535 742 4595 atque
759 4554 770 4565 ·
795 4555 807 4567 -
829 4531 961 4593 quater.
993 4522 1054 4577 Vid.
1080 4522 1184 4576 adnott.
1203 4523 1239 4576 ad

54 4609 110 4666 Gen.
134 4609 193 4670 IV,
220 4605 264 4657 86.
286 4631 320 4641 -·
342 4605 484 4652 sonatum
506 4626 519 4639 ·
537 4626 550 4638 -
570 4614 669 4652 arma
686 4595 829 4671 daciar05
853 4591 1012 4653 etiannum
1033 4593 1194 4671 pertinebat
1215 4591 1256 4648 ab
