2782 4958
151 153 211 213 ’144
504 145 539 209 Ρ.
560 141 748 208 VERGILI
768 137 968 206 MARONIS

150 310 346 396 Obloquitur
368 309 512 374 numeris
536 318 660 396 septem
681 307 873 373 discrimina
892 326 1009 371 vocum

150 395 283 481 lemque
306 391 419 457 eadem
442 391 554 478 digitis
586 393 652 456 iam
674 392 803 477 pectine
825 387 934 477 pulsat
954 386 1092 452 eburno.

150 477 215 540 Hie
234 498 337 562 genus
360 477 527 563 antiquum
550 442 681 556 denari,
705 473 924 561 pulcherrima
946 469 1069 559 proles,

150 559 353 644 Magnanimi
375 557 499 637 heroes,
521 561 589 623 nati
612 555 802 623 melioribus
824 557 929 638 annis,

151 857 212 895 rum
230 857 304 921 moro
321 857 352 895 ae
372 858 492 898 somnone
510 843 613 913 poetice
634 844 823 964 expresseratfl
858 841 948 910 Hem.
966 869 999 878 —
1017 839 1125 907 loaqa
1148 855 1220 893 cum
1239 846 1330 905 vesto,

150 908 737 1048 diiidierdltddrdidrgdiiiilemveesdeieliviouum
754 978 925 1032 maiestatem
943 974 1040 1036 faeere,
1066 990 1124 1027 non
1143 975 1238 1044 inopte
1256 974 1330 1029 adno-

151 1044 221 1098 tavit
240 1044 324 1113 Heyn.
343 1079 376 1086 —
396 1047 473 1099 Cam
497 1053 592 1101 veste.
652 1045 695 1101 ide
713 1062 794 1115 supra
811 1042 888 1099 adv.
908 1045 965 1096 359.
984 1074 1017 1082 -
1034 1045 1207 1097 sacerdos
1228 1046 1331 1096 voeatnr

151 1112 273 1180 Orpheus
300 1116 376 1167 vates
406 1118 516 1183 propter
546 1113 622 1195 orgia
651 1113 781 1168 instituta
808 1115 835 1167 et
857 1110 1012 1190 mysteria·
1030 1109 1150 1190 Horatio
1172 1112 1207 1164 A
1227 1110 1259 1164 P.
1279 1113 1331 1164 391.

151 1182 293 1300 qropterea
311 1181 464 1262 appellatur
480 1198 560 1236 sacer
577 1182 899 1318 wfflfflfflmm'
923 1180 950 1232 et
966 1177 1114 1232 Aristoteh
1133 1181 1282 1246 erotem,
1302 1207 1329 1216 -

709 926 792 980 supra
808 908 844 964 ad
862 925 888 962 v.
907 911 965 961 555.
1000 906 1119 961 Vestem
1138 906 1290 961 demissam
1305 922 1331 960 ao

177 1245 267 1307 stt.
295 1265 367 1303 varro
394 1250 613 1318 interpretantur.
774 1249 816 1302 oui
843 1263 892 1316 ego
921 1262 981 1300 oum
1000 1244 1115 1308 Thielio,
1169 1247 1199 1299 ni
1223 1247 1331 1300 conferri

152 1318 227 1371 iubet
245 1317 374 1371 Ochsner.
398 1317 432 1371 sd
450 1317 505 1371 Cic.
524 1316 582 1371 Eol.
607 1334 634 1385 p.
658 1321 724 1380 ³23,
756 1319 784 1370 et
801 1314 896 1369 Iahnio
923 1329 993 1368 nnnc
1010 1261 1168 1377 adsentiori
1196 1313 1331 1383 obloqui

151 1385 294 1439 transitive
313 1385 431 1453 positum
448 1385 546 1455 aoeipit
564 1402 624 1453 pro:
647 1401 741 1439 sonare
760 1384 856 1445 faeere,
876 1387 1066 1453 φθέγγεσθαι,
1087 1384 1118 1435 et
1137 1383 1261 1436 muteris
1279 1398 1329 1435 ser·

151 1455 210 1506 tum
229 1453 327 1506 Casum
345 1452 438 1520 habet,
465 1457 497 1506 ut
514 1468 610 1506 sensns
628 1452 677 1505 sit:
695 1451 817 1521 Orpheus
836 1449 870 1504 sd
888 1449 937 1503 illa
955 1448 1075 1503 carmina
1093 1449 1166 1503 fides
1184 1465 1328 1511 numerose,

153 1519 312 1590 εὐρύθμως,
340 1520 423 1589 loqui,
454 1537 549 1574 sonare
579 1519 652 1574 facit.
689 1519 831 1574 Gossravio
856 1517 969 1586 obloqui
985 1519 1027 1571 est
1045 1516 1063 1571 i.
1083 1532 1108 1585 q.
1131 1518 1261 1571 occinere
1280 1527 1329 1583 loc·

152 1589 359 1658 compages-'reni
377 1587 438 1641 coll.
458 1587 536 1643 Ovid.
556 1603 587 1641 ex
605 1587 634 1641 P.
655 1588 707 1654 III,
733 1592 755 1654 1,
782 1589 820 1640 17.
839 1603 892 1638 nou
912 1585 972 1639 avie
990 1584 1054 1638 eblo
1100 1584 1162 1647 tur,
1193 1588 1223 1639 et
1241 1585 1328 1652 Wagn.

125 1667 129 1689 t
152 1657 208 1724 (qni
237 1656 264 1707 in
292 1656 391 1709 maiore
416 1655 480 1711 edit.
499 1671 625 1710 assensus
645 1658 705 1709 erat
722 1653 896 1708 Mnensohero
915 1652 992 1706 Obss.
1011 1651 1039 1704 ln
1083 1667 1141 1720 erg.
1160 1652 1230 1708 Aen.
1250 1670 1276 1722 p.
1293 1656 1329 1707 21.

151 1724 241 1777 loeum
269 1723 307 1777 sle
334 1723 491 1792 explicanti;
521 1740 587 1792 „per
616 1723 697 1777 verba
721 1737 864 1776 numerosa
881 1719 1035 1788 obloquitur
1053 1717 1174 1783 chordis,
1203 1721 1232 1775 h.
1252 1738 1273 1776 e.
1290 1736 1329 1773 ore

154 1791 228 1846 canit
245 1789 279 1843 ad
300 1794 402 1859 septem
421 1791 582 1845 chordarum
599 1792 708 1854 sonos“l
732 1790 760 1842 in
778 1790 843 1843 min.
863 1787 926 1842 edit.
945 1802 1036 1841 vocem
1054 1787 1094 1840 sio
1112 1787 1246 1856 explieat:
1275 1787 1328 1851 „Ad

154 1874 280 1913 numeros
298 1859 443 1927 modosque
463 1859 624 1914 saltantium
642 1858 753 1912 illomm
771 1860 798 1911 et
816 1855 970 1910 canentium
989 1854 1181 1909 accommodat
1201 1856 1328 1925 (dmps-

155 1930 208 1990 νεῖ)
227 1928 336 1979 cantum
354 1927 427 1995 lyrae
446 1927 652 1998 tnragdpo‘oof‘
681 1929 712 1980 nt
732 1923 879 1978 numeris
897 1924 933 1977 sit
951 1923 1074 1989 Datims,
1103 1923 1276 1993 eandemque
1292 1940 1328 1976 er·

132 1993 327 2063 'plicationem
356 1996 483 2063 repetunt
500 1993 615 2061 Laden,
643 1994 795 2061 Conington
818 1993 846 2046 et
866 1991 985 2045 Benoist.
1019 1989 1127 2045 Peerlk.
1153 1994 1247 2046 autem
1268 1991 1329 2054 „01-

155 2063 248 2130 phens.
280 2061 377 2139 inquit,
406 2061 561 2115 discrimina
590 2062 694 2128 septem
724 2077 818 2114 vooum
846 2059 999 2128 obloquitur
1016 2058 1137 2112 numeris
1158 2075 1263 2123 eornm,
1290 2059 1328 2128 qni

155 2129 275 2185 oannina
301 2127 402 2182 dicunt.
438 2130 522 2182 Sonos
551 2131 654 2197 septem
673 2128 793 2182 citharae
811 2125 996 2182 accommodat
1015 2125 1050 2180 ad
1069 2141 1152 2180 sonos
1171 2128 1328 2189 canentium,

156 2199 196 2251 ita
214 2198 246 2249 nt
264 2195 398 2248 diversum
416 2212 521 2264 semper
539 2212 643 2263 sonum,
663 2195 743 2249 modo
763 2195 859 2258 altum,
877 2194 956 2248 modo
973 2209 1094 2262 gravem
1113 2210 1147 2248 ex
1166 2195 1274 2249 eithara
1289 2194 1330 2249 eli·

156 2265 239 2318 ciat.“
276 2262 328 2326 Qui
346 2279 393 2316 enr
412 2263 556 2318 discrimen
578 2263 681 2317 faciant
700 2263 771 2317 inter
790 2268 915 2317 canentes
933 2261 1000 2316 elios
1021 2264 1048 2316 et
1066 2261 1210 2341 Orpheum
1228 2262 1330 2317 cithari·

156 2334 272 2393 zantem,
293 2346 345 2383 non
363 2330 452 2395 video;
472 2347 532 2385 oum
552 2330 625 2386 hand
643 2331 723 2387 dubie
742 2330 859 2385 etiamO
892 2329 959 2384 heus
978 2330 1035 2399 ipse
1047 2328 1083 2383 ad
1096 2329 1234 2384 erthsram
1248 2333 1330 2384 canat.

156 2397 237 2468 sapt.
256 2397 339 2452 etiam
356 2398 427 2452 huno
443 2398 532 2452 locum
549 2399 657 2454 silentio
682 2399 812 2469 praeterit
829 2401 857 2452 et
900 2413 959 2467 ryee
977 2414 1033 2451 rem
1050 2396 1079 2450 in
1097 2396 1182 2451 dnbio
1199 2397 1330 2467 relinquit

156 2466 248 2535 Henry
275 2470 366 2521 eutem
388 2467 415 2520 in
433 2466 531 2521 Philol.
549 2467 634 2524 XVIL
678 2470 759 2522 .639.
785 2467 847 2520 eblo
867 2467 898 2518 ui
914 2465 1031 2534 explieat
1048 2480 1097 2532 per
1114 2463 1197 2534 loqui
1214 2466 1330 2532 051101)

156 2534 305 2598 audientes,
325 2550 414 2588 eoram
432 2535 614 2598 audientibus,
633 2551 662 2589 co
687 2534 780 2589 .Plin.
799 2484 921 2595 nim,
944 2536 981 2597 16,
1003 2532 1068 2602 [Ab]
1088 2531 1121 2586 de
1140 2532 1221 2587 echo:
1254 2537 1328 2588 dede·

155 2612 201 2656 rat
218 2619 309 2656 vocem
325 2603 410 2668 sosia,
431 2606 636 2674 respondentem
652 2602 762 2666 homini,
782 2602 863 2655 immo
879 2618 944 2654 vero
957 2608 983 2654 et
994 2600 1191 2669 obloquentem,
1209 2601 1287 2656 Ovid.
1304 2618 1330 2655 ex

157 2670 185 2724 P.
206 2670 256 2732 lli,
289 2673 311 2732 1,
342 2673 384 2722 21.
414 2671 482 2723 Non
509 2672 570 2725 ooth
599 2670 757 2739 obloquitur
781 2672 809 2723 et
824 2667 960 2722 Ambrosii
977 2667 1043 2722 locis
1063 2667 1161 2722 statim
1178 2669 1330 2731 laudanda

158 2737 227 2807 quod
247 2735 270 2789 si
288 2736 419 2792 voluisset
436 2741 523 2807 poeta,
554 2738 626 2792 band
645 2737 725 2791 dubie
743 2737 870 2790 Datisum
890 2735 995 2790 Obieoti
1012 2735 1173 2797 addidisset,
1202 2736 1331 2806 imprimis

157 2804 814 2942 15111Μ1111111111Ἥ11311ῖὲἒέ
832 2804 887 2924 ‘d'
907 2803 1225 2926 hhlltitdfhd‘tid
1243 2807 1276 2926 li
1288 2820 1331 2874 ΡΝ

157 2947 279 3010 septem
309 2940 512 2994 discrimina
537 2959 649 2995 vocum
677 2940 763 3009 igitur
781 2942 845 2993 suut
863 2940 967 3008 septem
984 2938 1083 2992 diversi
1101 2940 1171 3004 soni,
1196 2956 1264 3008 quos
1281 2940 1332 2994 edit

157 3007 216 3076 lyra
237 3009 340 3077 septem
358 3008 463 3062 chordis
481 3008 616 3063 instructa
634 3008 678 3075 (de
695 3024 749 3077 qua
766 3007 800 3060 ol.
817 3007 885 3060 liber
903 3023 979 3060 meus
1001 3006 1103 3060 Hellas
1122 3026 1149 3060 u.
1170 3008 1251 3062 Rom.
1269 3009 1291 3069 Ι,
1311 3012 1330 3060 1.

158 3092 183 3143 p.
206 3078 281 3141 295),
312 3077 438 3129 Ceterum
456 3076 561 3133 Peerlk.
579 3077 779 3141 commemorat,
798 3075 970 3129 Ambrosium
987 3073 1058 3127 hunc
1075 3074 1167 3129 losum
1185 3076 1228 3128 bis
1247 3077 1331 3130 imita·

158 3150 217 3196 tum
235 3160 302 3206 esse,
320 3143 445 3200 Hexaem.
461 3144 493 3207 V,
515 3148 554 3198 14.
575 3146 717 3204 Quaedam
735 3161 800 3196 oues
816 3158 848 3196 es
866 3143 1032 3195 institutione
1048 3143 1221 3196 diversarum
1242 3161 1332 3198 soemo

159 3214 341 3282 obloquuntur
359 3212 531 3274 discrimino,
562 3214 589 3266 et
606 3212 640 3265 de
656 3212 754 3266 Iacobo
772 3211 808 3274 II,
838 3215 863 3264 9.
895 3210 961 3272 Quoia
984 3217 1040 3262 tam
1062 3210 1195 3264 melosa
1217 3213 1331 3265 immet-it

158 3300 185 3335 se
207 3290 257 3335 tem
274 3298 369 3334 seeum
385 3280 418 3333 di
440 3281 557 3334 erontz'oa
576 3279 737 3334 oblocutus?
767 3278 858 3332 Etiam
875 3277 1026 3332 Cassiodor.
1046 3277 1109 3332 Var.
1128 3277 1166 3344 11,
1186 3283 1226 3333 40.
1248 3298 1274 3348 p.
1291 3282 1330 3332 35.

159 3300 204 3415 (aii
222 3349 330 3418 Ungero
359 3348 391 3402 de
434 3348 488 3416 sig.
507 3348 576 3401 Rufo
603 3365 630 3417 p.
649 3351 706 3401 391.
723 3346 807 3411 laud.)
830 3345 901 3399 hune
921 3346 1010 3400 locum
1028 3345 1153 3414 respexit.
1190 3346 1332 3402 Praeterea

159 3435 182 3471 v.
201 3420 259 3470 646.
278 3419 306 3470 et
325 3419 383 3470 641.
407 3417 565 3486 repetuntur
582 3416 609 3469 in
628 3414 709 3469 Anth.
729 3414 789 3467 Lat.
807 3413 853 3481 VI,
872 3417 913 3478 84,
935 3417 966 3467 23
984 3430 1023 3483 sq.
1044 3442 1074 3452 -
1093 3411 1161 3472 647.
1182 3414 1332 3469 Markland.

159 3485 193 3539 ad
212 3485 281 3537 Stat.
301 3483 366 3537 silv.
387 3484 436 3547 ΙΠ,
455 3489 479 3547 5,
501 3488 541 3537 64.
561 3484 628 3538 eoni.
647 3483 682 3536 Ia
746 3483 865 3545 ofidern,
902 3481 955 3536 uod
972 3481 1093 3550 impense
1131 3481 1205 3536 lseet
1222 3483 1329 3552 Heynio,

159 3551 305 3607 Schradero
325 3551 436 3605 Emond.
468 3567 495 3620 p.
517 3555 573 3605 114.
603 3553 631 3605 et
647 3551 714 3604 Peer
745 3549 841 3617 amplo.
877 3499 929 3604 ded
952 3549 1008 3603 iure
1032 3547 1115 3617 vulga
1146 3566 1174 3602 m
1194 3549 1330 3604 lectionem

159 3618 280 3673 defendit
299 3619 404 3687 Wagn,
434 3621 465 3671 ut
492 3623 604 3674 eadem
633 3619 688 3672 sint
706 3622 809 3687 septem
827 3616 877 3670 illa
894 3616 1050 3671 discrimina
1067 3630 1165 3670 vocum
1184 3635 1206 3671 s.
1226 3618 1332 3672 eaedem

159 3686 284 3752 chordae,
315 3702 383 3755 qnae
402 3686 479 3740 modo
497 3686 646 3740 molliorem
667 3685 799 3741 ediderint
819 3700 923 3747 sonum,
954 3700 1024 3738 nune
1043 3687 1135 3738 antem
1154 3684 1254 3739 lortius
1290 3685 1331 3740 nid

159 3757 262 3809 sonent.
299 3754 427 3807 Imitatur
453 3754 524 3808 hune
551 3771 658 3808 versum
675 3753 729 3808 Sal.
748 3753 850 3806 Bassus
877 3754 904 3807 in
924 3751 1047 3808 Wernsd.
1067 3752 1097 3806 P.
1119 3751 1179 3807 bat.
1205 3755 1270 3807 min.
1302 3753 1331 3816 V,

158 3827 217 3885 263,
238 3825 292 3876 154.
312 3822 376 3876 Sive
396 3823 490 3892 chelyn
508 3823 603 3890 diqitia
626 3830 651 3876 et
669 3824 770 3875 edunto
788 3822 895 3875 verbere
910 3822 1013 3892 pulsos,
1036 3820 1153 3874 fortasse
1177 3821 1261 3875 etiam
1278 3822 1331 3875 lia·

160 3891 267 3944 simion.
281 3889 361 3969 ‘Eleg
379 3890 425 3957 lV,
458 3894 495 3944 11.
521 3909 591 3943 asom
614 3891 701 3944 niveis
722 3890 827 3968 diqitis,
861 3907 931 3943 iturae
951 3887 1069 3967 petisses
1088 3889 1201 4008 pectine
1219 3889 1333 3943 chordas

159 3962 187 4012 et
213 3958 302 4012 verbra
352 3959 437 4012 octine
487 3958 561 4012 oleat
589 3960 690 4012 eboreo
719 3958 843 4011 abutitur
863 3958 964 4011 huson.
994 3973 1021 4009 m
1038 3971 1086 4009 een
1104 3996 1109 4008 .
1130 3971 1165 4009 nu
1187 3959 1207 4010 t.
1229 3961 1284 4013 121.
1302 3989 1332 3997 -

158 4028 226 4079 (inm
245 4025 306 4085 ab
366 4043 423 4095 sqq.
480 4042 538 4094 eyn.
568 4027 682 4080 conferri
707 4026 782 4079 iubet
799 4025 907 4078 Hesiod.
923 4021 999 4094 Ἔργ.
1020 4026 1083 4102 159.
1108 4026 1136 4076 et
1156 3973 1205 4076 du
1228 4042 1286 4095 sqq.
1304 4057 1332 4065 -

160 4095 199 4147 Do
221 4095 351 4147 Teucro
381 4093 434 4147 vid.
462 4093 567 4148 adnott.
593 4093 628 4147 ad
648 4094 697 4159 ΙΠ,
724 4096 781 4146 tos.
818 4092 945 4146 Ceterum
970 4090 1156 4159 coniungenda
1179 4108 1238 4147 esse
1256 4094 1333 4147 verbe

157 4179 241 4230 pertus
261 4161 368 4223 Taceri,
400 4177 451 4214 non
475 4163 574 4215 Teucri
586 4162 690 4232 proles,
718 4161 770 4214 nisi
808 4176 836 4213 er
854 4160 952 4215 seiam
973 4158 1076 4212 clarum
1095 4161 1175 4224 esset,
1204 4159 1263 4215 luoe
1282 4161 1333 4214 ele·

160 4229 214 4282 rius
234 4231 362 4297 probaret
381 4228 527 4298 parallelus
545 4230 619 4284 loeus
638 4247 662 4283 s.
682 4232 740 4283 580.
811 4228 837 4281 ic
854 4246 937 4297 penas
955 4228 1015 4281 arst'
1051 4244 1098 4280 um
1117 4229 1230 4291 Teme,
1260 4228 1333 4282 Tito·

158 4298 207 4350 nia
236 4299 338 4366 proles,
373 4296 444 4366 qnod
476 4298 556 4351 etiem
579 4299 670 4366 Henry
693 4298 720 4350 in
741 4297 795 4350 Tro.
814 4314 895 4364 years
911 4295 957 4351 Vl.
976 4313 1003 4364 p.
1040 4299 1064 4347 4.
1083 4300 1112 4348 et
1129 4294 1229 4352 Philol.
1249 4296 1333 4351 XVII.

160 4382 184 4432 p.
215 4368 272 4420 610.
303 4365 423 4419 adnotat.
449 4397 480 4404 --
500 4365 734 4436 pulcherrima
760 4364 889 4435 proles.
929 4363 985 4416 Hos
1016 4362 1165 4432 epitheton,
1200 4365 1270 4434 qnod
1301 4364 1335 4418 sd

161 4433 279 4498 eorporis
307 4433 334 4486 di
355 4433 470 4487 nitatem
499 4434 667 4489 referendum
691 4450 747 4488 esse
766 4434 849 4501 patet,
881 4431 952 4486 idem
970 4430 1259 4500 Heyn.exllom.11.
1280 4432 1335 4497 XX,

159 4502 204 4550 2³1
239 4517 296 4570 sqq.
330 4451 436 4555 tinxisse
459 4505 553 4571 putat:
580 4495 651 4565 Ἰλος
670 4504 691 4556 τ’
706 4500 877 4567 Ἀσσάρακός
897 4519 923 4554 τε
945 4502 990 4551 nul
1008 4499 1142 4560 ἀντίθεος
1163 4499 1335 4570 Γανυμήδης.

154 4564 201 4620 Ὃς
224 4567 258 4632 di,
284 4568 431 4632 seditiosos
452 4574 550 4639 γένετο
573 4574 688 4638 θνητῶν
707 4569 879 4640 ἀνθρώπων.
898 4600 929 4607 -
947 4565 1010 4628 649.
1039 4567 1114 4621 nati
1142 4567 1338 4623 melioribus
