2812 4974
202 198 243 263 98
556 191 593 255 P.
615 188 801 255 VERGILI
821 186 1021 253 MARONIS

203 356 361 421 Aetheria
382 379 463 444 quos
484 356 580 444 lapsa
601 355 701 444 plaga
720 355 808 420 lovis
829 353 896 420 ales
919 362 1032 442 aperto

203 439 375 504 Turbabat
396 439 502 517 caelo;
524 463 610 505 nunc
630 448 735 503 terras
757 437 870 503 ordine
890 436 988 523 longo

203 522 271 587 Aut
290 544 408 610 capere
430 534 486 589 aut
507 533 622 611 captas
644 524 710 587 iam
732 520 924 609 despectare
943 519 1111 585 videntur:

203 772 356 856 et'aqm'lae
368 773 478 858 auctore
494 770 582 858 Pliniq
600 772 633 837 X,
653 777 694 858 it,
719 775 760 826 95.
777 771 876 826 Athen.
895 770 945 824 IX.
970 787 997 838 p.
1022 770 1084 847 ³9³2
1097 767 1132 821 D.
1151 765 1193 838 μά
1213 784 1271 821 sear
1286 765 1312 820 a
1334 765 1357 844 t*

202 841 314 905 κυκνος)
332 842 379 892 xiil
395 859 433 908 τῳ
452 857 525 907 αετφ
546 840 632 901 αυτὸς
649 860 743 911 μαχης
758 841 935 909 μὴπροαρξα
963 855 1032 896 evoe.
1049 835 1176 904 Hincap.
1218 849 1357 888 omerumin

203 923 346 1028 cxchynorum
365 922 523 961 anserumve
539 909 648 975 gentem
667 907 771 960 irruens
788 905 880 975 aquila
896 904 924 959 in
943 904 1033 958 ucitur
1055 903 1162 973 egregio
1182 919 1207 956 4.
1226 919 1248 956 4.
1266 901 1317 955 loco
1331 900 1359 954 ll.

256 977 330 1037 ,690
347 981 424 1044 sqq.“
454 974 500 1026 He
518 994 545 1027 n.
572 974 613 1028 Cf.
633 975 716 1028 etiam
731 974 847 1027 Aristot.
865 973 898 1026 H.
917 972 968 1026 An.
985 971 1018 1036 V,
1047 975 1088 1024 34.
1107 975 1136 1025 44
1152 969 1239 1035 XVII,
1257 973 1295 1024 24,
1311 984 1360 1022 cuni

204 1041 270 1095 Aen.
293 1041 345 1104 IX,
369 1045 426 1097 563.
445 1043 472 1094 et
547 1046 623 1104 ,444
642 1059 700 1112 sqq.
736 1041 848 1109 Antiqui
878 1041 1039 1110 interpretes
1069 1038 1212 1101 mirantur,
1243 1053 1292 1106 quo
1315 1037 1362 1089 iure

204 1108 340 1178 Vergilius
370 1109 481 1177 auguiio
506 1124 649 1177 cycnorum
679 1111 785 1172 utatur,
809 1125 869 1162 cuni
898 1109 974 1177 cycni
991 1107 1063 1160 inter
1079 1122 1142 1160 aves
1160 1105 1302 1184 augurales
1316 1121 1359 1156 noi

204 1176 385 1230 inveniantur.
420 1174 471 1229 Sed
499 1191 559 1230 cuni
581 1193 679 1246 cycnus
703 1177 760 1231 avis
783 1177 819 1228 sit
847 1175 944 1230 Veneri
965 1190 1054 1236 sacra,
1073 1173 1151 1226 licuit
1170 1175 1265 1242 utique
1281 1174 1361 1242 poetae

204 1243 248 1297 hic
266 1260 296 1297 ei
315 1243 348 1296 iis
365 1243 509 1312 augurium
527 1246 655 1314 repetere,
674 1243 899 1314 quemadmodum
915 1242 997 1297 etiam
1014 1241 1081 1295 Aen.
1098 1240 1146 1307 VI,
1166 1244 1223 1293 194.
1243 1256 1258 1294 4
1274 1239 1362 1294 coluri·

204 1312 258 1374 bis,
300 1327 350 1364 uae
371 1313 400 1364 44
420 1311 493 1379 ipsae
513 1311 585 1365 inter
601 1328 663 1367 aves
680 1311 826 1392 augurales
847 1328 900 1364 uon
922 1309 1103 1371 inveniuntur,
1124 1308 1269 1377 augurium
1285 1311 1364 1377 postu·

204 1379 257 1433 lari
279 1328 353 1432 decit.
387 1378 511 1442 Accedit,
558 1380 624 1442 uod,
652 1379 743 1433 Servio
766 1382 850 1441 44444,
877 1377 1005 1432 Aemilius
1023 1377 1113 1455 Macci
1130 1376 1157 1428 in
1176 1374 1365 1442 Ὀρνιθογονίᾳ

205 1446 286 1501 certis
315 1446 404 1500 444444
433 1445 511 1499 dicit:
582 1465 646 1501 44444
676 1449 706 1500 ia
732 1447 859 1526 aaqarii'ir
885 1448 977 1499 4444444
993 1445 1165 1512 pacamur
1182 1460 1283 1510 4444444
1307 1442 1367 1494 laic

243 1521 302 1568 tant
317 1530 429 1583 semer,
446 1514 513 1581 44444
530 1531 676 1583 cumqiaam
691 1522 823 1583 mergatur
846 1514 935 1567 44444444.
971 1511 1012 1565 cf.
1044 1511 1121 1565 Iahn.
1149 1510 1184 1564 ad
1214 1510 1242 1567 h.
1270 1510 1302 1571 l.,
1328 1510 1367 1579 qui

205 1532 291 1643 diest,
310 1581 381 1634 inter
397 1580 540 1648 augurium
557 1584 585 1634 et
601 1582 750 1650 auspicium
765 1580 814 1634 hoc
831 1582 967 1644 interesse,
987 1579 1057 1649 quod
1070 1579 1215 1648 augurium
1232 1581 1262 1632 et
1270 1581 1367 1648 petatur

207 1653 235 1703 et
256 1649 337 1702 certis
355 1648 450 1702 avibus
470 1648 640 1711 ostendatur,
660 1649 808 1718 auspicium
830 1648 950 1719 qualibet
972 1647 1016 1701 444
1045 1646 1247 1701 demonstretur
1273 1649 1300 1700 et
1323 1661 1367 1698 noi

205 1718 323 1785 petatur.
354 1744 387 1752 -
415 1712 479 1775 393.
507 1716 558 1769 dia
581 1734 683 1781 aerios,
711 1733 764 1769 non
793 1716 812 1768 i.
843 1733 865 1770 e.
895 1715 937 1768 bia
963 1731 1011 1768 444
1040 1714 1106 1769 Aeu
1133 1713 1200 1775 XII,
1228 1716 1300 1775 899..
1329 1712 1369 1766 sed

206 1783 324 1852 positum
354 1785 405 1846 est,
436 1782 499 1850 quia
527 1782 560 1837 44
585 1783 690 1837 duabus
717 1800 845 1857 senorum¹
862 1782 988 1863 partibus
1016 1797 1104 1835 sernio
1133 1783 1185 1845 444,
1217 1796 1370 1850 quamquam

206 1851 272 1904 alibi
293 1850 374 1904 ctiam
391 1849 576 1904 4444444444444
592 1867 717 1905 numeros
736 1868 784 1920 pro
796 1850 977 1904 cardinalibus
995 1848 1121 1918 usurpari
1136 1848 1255 1902 vidimus
1272 1848 1306 1902 ad
1322 1846 1369 1901 Ecl

206 1918 282 1980 VIII,
302 1918 574 1985 73.—taetaritea,
594 1918 824 1988 quodliberatia
861 1918 959 1971 ericulo
978 1920 1116 1971 etrursus
1134 1916 1265 1970 inunum
1341 1931 1369 1968 44

207 1985 364 2054 congregati
381 1988 454 2038 sunt.
476 1988 616 2053 cymino,
639 2003 691 2040 non
710 1986 825 2054 amphus
841 1935 956 2050 lurbati,
975 1983 1023 2038 scd
1041 2000 1135 2038 rursus
1154 1983 1270 2038 collecti.
1311 1982 1370 2036 4441·

206 2053 312 2121 lampio
333 2054 408 2106 totus
426 2052 470 2104 hic
490 2069 583 2107 versus
602 2070 666 2107 sono
685 2056 713 2107 et
731 2070 811 2106 cursu
828 2055 886 2106 tani
909 2052 1036 2122 illepidus
1057 2051 1179 2114 videtur,
1210 2054 1243 2105 44
1273 2067 1332 2104 eum
1357 2066 1370 2103 a

207 2119 326 2238 4444ῗί4
343 2120 382 2172 444
398 2120 479 2172 scribi
495 2121 614 2188 potuisse
631 2136 684 2174 uon
703 2120 803 2174 credat.
827 2119 915 2184 Quare
932 2119 1002 2174 hanc
1020 2118 1115 2172 suadet
1133 2119 1275 2172 verborum
1292 2122 1370 2172 44444-

225 2187 265 2240 444
281 2187 366 2239 'onem
388 2189 417 2239 44
440 2187 630 2242 mutationem:
663 2189 783 2255 Agmina
805 2187 847 2241 bis
867 2205 947 2241 senos
970 2187 1104 2240 4444444444
1127 2187 1257 2256 conspice
1276 2203 1370 2265 cqciios.

159 2264 162 2270 '
207 2205 259 2307 led
278 2255 349 2306 recte
366 2252 478 2307 Siebelis
498 2271 524 2322 p.
549 2257 603 2308 22:
634 2255 712 2319 „Non
732 2254 922 2309 animadvertit
945 2255 988 2307 bia
1007 2271 1086 2307 serios
1121 2269 1151 2306 ro
1170 2256 1248 2307 terea
1263 2269 1370 2321 primun

208 2320 306 2374 obiecti
323 2319 412 2399 locum
429 2323 533 2381 tencre,
563 2321 632 2391 quod
661 2322 708 2376 ille
736 2339 862 2376 numerus
889 2323 933 2376 hic
979 2338 1008 2374 ro
1027 2324 1069 2375 ter
1096 2270 1237 2375 duodecim
1268 2322 1370 2374 amissas

207 2403 288 2466 nares
306 2387 420 2466 alicuius
439 2390 569 2441 momenti
586 2391 656 2451 est,“
675 2407 788 2460 vereque
805 2390 881 2443 Iahn.
892 2339 990 2443 Annd.
1008 2339 1028 2442 l.
1047 2388 1066 2444 l.
1084 2405 1111 2457 p.
1132 2391 1173 2443 34.
1187 2388 1370 2467 Imperatirun

207 2456 309 2534 Aspice
325 2458 425 2524 optime
442 2471 549 2508 versum
565 2457 681 2536 incipere
698 2457 785 2512 docet.
804 2489 837 2496 -
854 2455 918 2516 394.
938 2464 1087 2527 apertam
1105 2457 1233 2510 caetum
1255 2456 1315 2510 aliis
1337 2458 1370 2520 (44

207 2520 321 2589 Thielio)
349 2524 391 2575 est
418 2538 550 2587 serenum,
580 2523 640 2577 aliis
669 2528 711 2591 (ut
742 2524 855 2593 Heynio)
883 2525 999 2579 liberum
1029 2527 1057 2578 44
1074 2523 1229 2578 volantibus
1249 2524 1370 2594 pervium.

207 2588 336 2659 Equidem
354 2605 414 2642 cum
433 2589 583 2644 Weiclrerto
600 2591 618 2644 l.
637 2591 657 2645 l.
675 2608 702 2660 p.
723 2596 745 2647 t.
763 2593 941 2661 interpretor:
960 2591 1065 2645 nullum
1082 2607 1197 2660 usquam
1234 2590 1370 2645 raesidiun

207 2657 347 2727 praebens,
379 2656 477 2726 ubique
508 2661 605 2725 patens
635 2659 740 2728 aquilae
769 2659 890 2728 impetui.
925 2659 966 2716 cf.
995 2659 1072 2713 (taes.
1100 2658 1132 2711 B.
1165 2659 1197 2712 C.
1264 2661 1331 2722 ‚at
1348 2671 1370 2709 ai

208 2726 310 2794 4444444
321 2722 397 2776 mille
408 2725 594 2794 apertioribus
605 2727 687 2779 4444444
700 2727 769 2781 locas
779 2735 879 2798 44444444
890 2727 997 2780 milium
1009 2727 1243 2796 Pompeianorum
1255 2727 1370 2797 impetra

206 2792 337 2845 4444444444
352 2794 495 2845 caderent.
530 2793 659 2861 Apertum
681 2795 765 2862 igitur
786 2794 890 2849 caelum
917 2794 1060 2863 opponitur
1082 2793 1280 2913 quodammodo
1302 2794 1370 2869 terni

207 2861 296 2931 captis
319 2862 347 2912 et
370 2861 542 2929 comparatur
563 2876 624 2914 cum
646 2861 702 2914 alto
724 2863 793 2916 mari
818 2863 929 2932 (pelago
950 2881 969 2915 a
989 2869 1046 2915 erto
1106 2877 1147 2916 eri.
1174 2861 1210 2924 V,
1234 2864 1315 2925 212),
1333 2861 1370 2913 44,

207 2927 411 3005 444444144444
428 2927 551 2981 omnibus
569 2929 656 2982 veritis
675 2928 782 2983 fucrant
798 2929 933 2998 expositae
952 2879 988 2983 el
997 2930 1032 2982 ab
1049 2901 1082 2982 iis
1099 2928 1236 2993 turbatae,
1256 2932 1288 2982 ut
1305 2930 1370 2998 oyen

208 2994 243 3048 ab
265 2993 364 3063 aquila.
399 2994 441 3048 Cf.
462 2994 540 3049 0444.
568 2995 634 3050 Met.
664 2996 715 3058 VI,
744 3000 816 3062 694,
845 2997 893 3050 444
915 2996 1015 3050 Boreas
1031 2996 1108 3050 Idem
1124 3013 1183 3065 eqo,
1200 2996 1301 3068 inquit,
1320 3014 1370 3049 4444

200 3066 313 3129 fratrea
340 3063 418 3116 caelo
445 3080 505 3116 sam
530 3071 627 3117 acetis
655 3071 751 3133 aperto
779 3097 813 3104 —
841 3064 916 3116 Nam
935 3064 1004 3117 milii
1019 3082 1132 3134 campas
1150 3065 1176 3117 ia
1195 3072 1235 3118 ert
1254 3097 1287 3105 -
1304 3072 1370 3118 tante

205 3130 345 3183 molimine
360 3131 457 3184 444444.
476 3129 564 3183 Aliter
575 3147 607 3183 su
627 3147 657 3184 ra
674 3148 699 3187 4.
720 3135 776 3186 155.
786 3131 891 3186 caeliam
906 3139 1031 3201 opertam
1047 3135 1107 3186 crat
1122 3132 1140 3185 i.
1158 3147 1186 3200 q.
1199 3147 1334 3186 serenum.
1348 3163 1370 3171 -

208 3195 272 3257 395.
293 3197 472 3276 Portabat,
491 3213 544 3250 non
561 3148 721 3252 carricaverat
748 3200 810 3268 quia
827 3202 935 3267 tempus
952 3199 1031 3253 modo
1043 3199 1222 3269 praeteritum
1235 3200 1370 3269 opponitur

206 3268 349 3332 praesenti.
386 3263 427 3318 cf.
447 3265 512 3319 Aen.
532 3265 554 3327 1,
575 3268 624 3320 iso
643 3282 684 3335 sq.
704 3240 741 3334 ii,
761 3270 793 3320 ii
811 3283 851 3335 sq.
874 3269 923 3319 iii
946 3283 985 3336 sq.
1007 3270 1056 3320 ire
1074 3283 1113 3336 sq.
1131 3265 1182 3330 111,
1202 3270 1252 3321 isa
1270 3284 1312 3336 sq.
1330 3271 1370 3320 44

206 3346 262 3458 {qd
286 3346 352 3408 quos
373 3329 445 3384 locos
468 3330 543 3385 lahn.
567 3336 712 3412 comparat.
730 3363 764 3371 —-
781 3334 902 3413 ordine
919 3334 1029 3402 longo,
1051 3333 1132 3402 longo
1153 3334 1271 3402 agmine.
1295 3368 1327 3375 -—
1344 3333 1370 3385 V

207 3399 1158 3533 ,.0i.tt¹tittt;tliltf⁰⁸..tritaetsalutati.
1175 3418 1208 3521 ¹³1⁰}
1250 3406 1370 3539 fatti

206 3533 348 3608 postquam
366 3531 458 3610 aquila
480 3531 617 3599 discessit,
636 3484 710 3589 laeti
738 3535 772 3590 de
801 3536 919 3604 periculo
947 3539 1074 3604 superato
1099 3552 1193 3590 rursus
1223 3537 1252 3590 in
1280 3553 1370 3607 agmen

205 3598 828 3678 4444444444444441443444144444444444
853 3606 998 3682 quaerunt,
1027 3603 1074 3656 ubi
1103 3602 1264 3669 considant3
1296 3609 1370 3674 atquc

204 3680 267 3785 quta
294 3680 386 3718 eorum
415 3669 586 3735 (posteriores
602 3670 669 3737 puta
687 3669 781 3737 longi
799 3669 936 3737 ordinis)
962 3671 1050 3724 adhuc
1068 3670 1177 3738 incerti,
1197 3687 1250 3740 quo
1267 3671 1326 3725 loco
1343 3672 1370 3725 si·

224 3748 267 3785 ere
295 3731 388 3811 velint,
421 3750 436 3786 e
464 3732 610 3803 longinquo
641 3736 725 3790 oculis
756 3738 870 3807 capiant
892 3745 991 3806 444444,
1018 3739 1079 3794 44.
1099 3738 1204 3807 eligunt
1222 3739 1370 3794 considenti

204 3799 302 3861 locum,
335 3799 382 3852 ahi
408 3800 519 3868 (priores
541 3802 668 3870 agminis)
698 3804 751 3857 iam
768 3804 857 3859 locum
873 3805 1012 3874 elegerunt
1034 3808 1062 3860 et
1078 3807 1106 3859 in
1125 3823 1187 3860 eum
1204 3810 1306 3872 (444444
1324 3811 1370 3860 scii

205 3875 311 3948 captos,
330 3883 366 3919 sc.
385 3882 402 3920 a
419 3885 448 3921 se
465 3868 557 3933 444144,
578 3886 639 3934 non,
660 3874 692 3924 ut
709 3871 801 3925 Burin.
822 3872 907 3927 lliiel.
928 3876 957 3927 et
974 3873 1066 3928 (lossr.
1086 3873 1229 3943 explicant,
1253 3876 1288 3928 ab
1307 3874 1370 3936 aliis

205 3935 296 4004 quiin
314 3936 415 4013 terrani
432 3935 486 3989 iam
504 3936 707 4004 descenderant)
726 3938 892 4008 despectant,
911 3942 966 3995 4444
984 3941 1050 4008 4444,
1068 3941 1096 3994 iu
1114 3957 1194 4011 quoin
1206 3941 1370 4003 delabantur.

203 4002 257 4055 iam
278 4001 375 4064 electo,
403 4018 431 4055 in
452 4019 483 4056 eo
505 4008 559 4067 est,
582 4008 613 4058 ut
635 4006 783 4062 considant.
818 4008 895 4063 Unde
917 4012 1040 4078 apparet,
1066 4025 1118 4062 non
1146 4025 1214 4078 opus
1232 4026 1290 4064 esse
1308 4011 1368 4079 Aug

202 4068 346 4123 Weicherti
364 4069 516 4124 coniectura
543 4071 570 4124 in
601 4073 688 4126 Eiet.
717 4075 775 4130 crit.
803 4093 829 4144 p.
859 4081 901 4131 47.
931 4076 1054 4145 prolata:
1088 4084 1138 4130 eat
1157 4084 1285 4131 terram
1308 4096 1370 4130 sam

203 4138 368 4208 despectare.
403 4136 530 4192 Ceterum
558 4140 590 4193 44
618 4089 751 4196 ldcutione
779 4143 868 4197 lomim
896 4162 930 4197 cc
950 4161 995 4197 ere
1025 4144 1051 4211 ti.
1071 4159 1095 4198 4.
1112 4143 1222 4212 eligere)
1240 4145 1295 4200 444.
1313 4144 1370 4200 (444.

202 4203 238 4268 II,
270 4208 328 4259 230.
361 4205 433 4259 Acte
461 4208 550 4287 locam
581 4225 615 4261 ca
636 4210 675 4262 444
703 4209 791 4264 omelia
821 4212 899 4290 Caes..
926 4162 958 4264 Ε.
991 4211 1023 4266 (l.
1053 4211 1104 4275 IV,
1134 4213 1176 4274 26,
1209 4216 1235 4265 5.
1267 4212 1304 4280 V,
1336 4216 1370 4271 43.

201 4276 227 4325 4.
246 4276 274 4326 44
292 4272 386 4327 Burni.
404 4272 438 4327 sd
460 4272 537 4330 Ovid.
555 4276 589 4328 A.
633 4318 640 4330 .
658 4276 680 4344 1,
698 4281 756 4331 234.
774 4278 952 4332 Consentiunt
968 4279 1107 4332 nobiscum
1121 4279 1204 4333 ceteri
1214 4281 1370 4335 recentiores

203 4339 318 4394 editores
346 4341 441 4406 (etiam
458 4342 554 4412 Wagn.
572 4343 600 4396 in
618 4344 683 4397 min.
702 4345 780 4409 edit,
809 4347 856 4414 qui
901 4346 957 4400 rius
975 4345 1062 4400 locum
1091 4345 1172 4401 alitor
1191 4347 1370 4416 explicueratt,

201 4405 313 4485 Sicbelis
353 4450 359 4462 .
383 4409 568 4490 22.‚1Iappes
595 4411 616 4465 Ι.
639 4429 667 4481 p.
690 4417 723 4466 40
749 4429 807 4482 sqq.
831 4415 859 4466 44
908 4413 984 4468 ancl.
1011 4431 1036 4482 p.
1061 4417 1103 4468 ai.
1127 4429 1213 4483 neque
1235 4415 1370 4470 dissentiri

202 4475 308 4528 ridetur
362 4475 492 4531 seclierm.
523 4495 549 4531 in
577 4480 709 4535 Zer'tectir.
737 4483 788 4533 etc.
815 4480 887 4535 XIX.
938 4525 943 4534 .
968 4484 1011 4534 47.
1038 4480 1129 4550 Henry
1153 4486 1247 4538 autem
1275 4483 1370 4550 (04444.

200 4540 275 4621 Mae.
292 4541 363 4621 XX„
382 4543 439 4595 Tw.
452 4562 534 4611 ysara
547 4546 569 4599 I.
589 4563 614 4614 p.
635 4550 682 4601 iis
700 4564 741 4615 sq.
758 4549 786 4600 et
801 4546 900 4602 Philol.
957 4589 964 4603 .
981 4565 1009 4617 p.
1028 4552 1078 4603 aio
1095 4551 1149 4619 sq.)
1168 4548 1239 4606 haus
1252 4551 1370 4623 proponit

200 4608 415 4678 explicationem:
443 4612 520 4678 cisni
545 4613 626 4666 iidem
652 4616 716 4679 (non
738 4612 858 4669 diversae
879 4632 972 4670 eorum
993 4618 1094 4684 partes)
1117 4619 1254 4683 44444444,
1272 4619 1370 4689 conspi
