2648 4966
42 164 48 180 “
142 221 182 283 ro
495 218 534 283 e.
554 215 740 283 veneni
760 211 957 283 nunonis

140 387 286 471 Longius
306 393 338 450 et
358 383 492 448 volvens
515 384 653 449 fatorum
675 406 797 449 areana
818 383 953 449 movebo
976 421 1016 430 -

141 469 266 534 Bellum
286 469 401 552 ingens
423 475 517 553 geret
538 467 633 532 Italia
655 468 858 554 populosque
878 467 997 532 ferocis

143 550 328 620 Contundet
348 572 518 638 moresque
536 552 617 616 viris
638 561 670 616 et
690 552 817 615 moenia
838 559 945 636 ponet,

142 805 218 858 iuxta
234 802 296 873 poni
314 804 357 867 (ut
378 802 407 855 h.
424 802 443 856 1.
462 803 507 856 liic
524 804 552 857 et
574 803 625 856 tilii
653 802 729 857 iuxta
759 803 848 872 posita
877 806 961 870 sunt),
992 820 1025 857 ne
1054 802 1167 856 alterius
1193 802 1231 854 vis
1256 817 1289 870 per

142 872 259 927 alterum
272 870 451 939 deprimatur,
464 870 523 924 den‘
543 886 577 924 ue
592 869 625 924 cf.
640 871 714 924 loeus
731 870 886 925 simillimus
901 871 947 934 IV,
965 874 1006 924 20.
1031 871 1124 933 Anno,
1143 872 1226 934 fabor
1236 869 1291 921 eiiii

143 942 194 994 etc.
213 939 299 1005 Quare
312 955 364 1016 nen
376 941 443 1004 erat,
459 955 506 992 cur
520 888 616 1001 dinei,
628 938 720 1007 Henry
731 938 758 991 in
772 938 870 992 Philol.
883 939 929 993 XI.
941 955 968 1008 p.
982 941 1049 1005 506,
1063 937 1217 991 Haecirerm.
1230 934 1291 1004 lirpi

143 1025 170 1128 p.
187 1010 217 1060 10
228 1023 269 1075 sq.
288 1009 316 1059 et
333 1022 360 1059 in
378 1006 511 1059 Zeitselir.
525 1005 599 1084 XIX.
617 1023 642 1074 p.
660 1010 701 1059 47.
719 1009 747 1060 et
760 1006 868 1127 Kappes
882 1007 900 1060 l.
917 1006 936 1060 1.
954 1023 980 1075 p.
995 1009 1037 1058 37.
1049 1004 1084 1059 ad
1098 1005 1180 1060 Servii
1198 1004 1293 1082 explica

155 1075 242 1129 ionem
255 1075 451 1128 reverterentur
467 1076 494 1126 et
511 1072 595 1128 Threi.
613 1074 719 1142 quidem
738 1077 800 1142 post
832 1074 895 1127 alin.
915 1075 993 1144 plura
1010 1073 1043 1127 de
1060 1074 1135 1128 Part.
1152 1073 1219 1126 enim
1230 1074 1295 1125 tertie

142 1141 335 1197 enuntiationis
352 1140 410 1195 loeo
426 1141 515 1210 posita
532 1141 691 1210 disputaret,
709 1142 801 1210 Henry
818 1145 910 1195 autem
927 1143 1059 1210 premeret
1076 1158 1133 1194 voc.
1158 1141 1209 1193 itit
1229 1143 1294 1199 etti,

144 1225 212 1280 quae
229 1210 281 1262 sibi
297 1209 410 1263 invicem
427 1209 613 1278 respondeant.
633 1209 721 1263 Ceteri
739 1210 898 1264 recentiores
915 1208 1029 1263 editores
1047 1209 1186 1262 nobiseum
1198 1208 1295 1261 iacimt.

143 1310 176 1318 -
193 1274 258 1338 262.
277 1276 516 1346 „Quandoquidem
533 1276 599 1330 haee
618 1293 681 1330 eura
703 1280 730 1330 te
750 1276 868 1343 mordet,
890 1277 1003 1344 cruciat,
1032 1293 1087 1330 rem
1110 1277 1160 1329 tibi
1182 1291 1296 1344 exponen

143 1347 172 1401 et
188 1345 247 1399 iata
254 1344 337 1398 altius
350 1346 501 1413 repetam.“
520 1343 610 1413 Hepn.
630 1376 663 1384 --
679 1348 845 1400 remordet
881 1361 910 1398 ro
923 1345 1020 1398 iterum
1032 1345 1183 1413 iterumque
1197 1344 1296 1406 mordet,

144 1431 196 1467 non
210 1415 298 1467 cessat
306 1412 435 1474 mordere,
449 1416 609 1488 usurpatum
621 1411 735 1474 videtur,
750 1415 781 1465 ut
793 1362 930 1474 AeanII,
943 1416 1012 1474 tei,
1032 1428 1049 1465 a
1069 1453 1074 1465 .
1094 1412 1173 1465 Lucr.
1195 1411 1244 1477 III,
1260 1414 1298 1464 811

177 1497 203 1550 q.
217 1481 339 1534 Advertit
350 1480 390 1545 id,
447 1482 486 1532 od
501 1497 561 1532 cori
578 1480 716 1544 (animam)
734 1483 768 1533 de
784 1481 865 1533 robiis
883 1497 980 1560 saepe
992 1481 1102 1548 fitteris
1114 1480 1243 1532 diesceret
1253 1509 1263 1520 -
1274 1506 1300 1518 ··

143 1500 357 1616 praeteritique
372 1565 416 1600 mo
459 1548 587 1600 edendae
602 1554 719 1616 peceato
735 1550 896 1601 remordent.
916 1547 980 1602 ibrd.
999 1547 1044 1609 IV,
1066 1551 1139 1601 1131.
1158 1549 1217 1600 Aet
1232 1566 1300 1627 quoii

144 1617 268 1737 0055σίἒὲ
284 1615 512 1735 {pseLoeimffie
528 1615 993 1736 figme3reri2o2defflvqlffimdb.
1011 1615 1079 1668 vitia
1099 1644 1111 1655 -
1123 1622 1301 1735 dilemma

144 1701 234 1739 remor
269 1703 305 1738 ri.
362 1699 397 1734 i.
569 1723 575 1746 ,
624 1724 630 1736 .
685 1701 743 1735 ier
959 1701 1004 1734 itm
1032 1700 1123 1736 remor
1198 1699 1301 1735 animos.

144 1753 271 1806 Ceterum
287 1747 460 1804 conferendae
478 1722 542 1803 srint
559 1752 702 1802 mordaces
718 1749 919 1804 sollicitudines
935 1750 1006 1819 apud
1025 1750 1089 1803 Hor.
1108 1750 1157 1805 od.
1180 1750 1205 1817 I,
1226 1753 1266 1810 ie,
1282 1754 1301 1801 i.

145 1822 173 1874 et
197 1820 294 1872 moces
310 1833 394 1871 carce
412 1833 455 1886 ap.
477 1817 556 1872 eund·
575 1817 624 1871 0d.
645 1817 686 1885 Π,
712 1821 751 1884 ll,
771 1818 1118 1887 17.Respe1eruntantem
1136 1816 1302 1871 hunclocum

145 1886 240 1941 Claud.
262 1885 294 1939 B.
316 1884 388 1939 Gild.
412 1887 471 1939 302.
492 1903 547 1938 aori
567 1886 659 1955 impar
683 1892 801 1939 moturae
824 1903 892 1938 carc
912 1887 1049 1938 remordet
1071 1887 1099 1938 et
1116 1889 1212 1938 auctor
1229 1885 1302 1954 epigr.

144 1952 469 2018 inminationem
504 1956 527 2005 1.
555 1952 641 2006 Vince
663 1970 738 2006 mero
766 1970 848 2006 mirae
869 1960 893 2005 et
914 1954 1053 2022 quidquid
1073 1955 1149 2018 sorte
1170 1955 1303 2014 remordet,

165 2034 169 2049 ¹
253 2022 304 2076 bie.
322 2052 355 2060 —·
372 2016 437 2081 262·
455 1992 605 2098 denqiue
621 2027 651 2072 et
667 2020 808 2074 volveris.
826 2020 922 2100 Plures
936 2019 1020 2100 codd.
1033 2021 1158 2099 Lonpi'iis
1171 2022 1303 2099 evolverim

145 2090 192 2145 sed
232 2089 313 2142 cula
330 2104 409 2155 aegre
427 2086 603 2142 desideratur.
621 2088 685 2156 Ipsa
702 2091 794 2142 autem
810 2088 917 2151 locutio,
944 2103 995 2140 nisi
1014 2088 1093 2141 malis
1111 2105 1173 2141 eum
1191 2088 1304 2168 plurimrs

146 2107 302 2218 somnias,
327 2155 417 2233 etiam.
432 2154 552 2234 Nauplio
575 2155 593 2208 1.
611 2155 640 2218 1.,
660 2154 807 2209 Aldenhov.
833 2156 917 2208 Ueber
935 2157 961 2209 cl.
983 2156 1081 2224 Virqr'l.
1099 2155 1270 2208 Fateliemar
1284 2172 1305 2223 p.

145 2230 187 2280 26.
204 2227 261 2277 not.
279 2227 319 2277 57.
340 2226 368 2277 et
385 2221 520 2276 Dretsehio
538 2221 630 2275 Theoi.
653 2222 733 2289 Verg.
755 2241 780 2292 p.
817 2228 869 2285 10.,
902 2223 934 2276 de
965 2222 1122 2292 metaphora
1149 2224 1267 2292 cogitare
1293 2239 1307 2275 a

145 2294 213 2347 libro
231 2308 290 2345 sum
309 2293 347 2358 ta,
366 2290 411 2359 qui
428 2290 534 2356 longius
552 2289 677 2356 solvitur,
694 2290 839 2357 evolvitur,
858 2293 890 2344 iit
906 2290 985 2360 plura
1003 2291 1057 2357 legi
1079 2291 1184 2359 possint
1207 2290 1307 2360 t„quasi

145 2361 178 2415 Iu
196 2359 248 2412 iter
276 2357 376 2411 hmm
404 2356 516 2410 fatalem
546 2373 627 2410 manu
656 2359 748 2411 teneat
776 2374 808 2411 ac
845 2375 897 2410 non
929 2361 1035 2411 tantum
1067 2357 1169 2426 primas
1203 2359 1307 2428 paginis

147 2378 316 2496 inirospieiat
343 2425 389 2479 sed
409 2424 510 2478 medias
528 2441 632 2494 quoque
661 2429 689 2479 et
717 2428 887 2489 extremas“)‚
918 2425 988 2495 quod
1016 2428 1107 2479 tamen
1137 2426 1200 2479 Iove
1227 2426 1308 2478 minus

146 2496 258 2564 dignum
285 2467 390 2547 ridetur
415 2500 488 2555 (nam
513 2492 600 2558 locus,
622 2492 657 2571 ad
680 2509 758 2561 quem
781 2493 885 2547 Laden.
909 2494 1044 2562 provocat,
1069 2492 1146 2547 Ovid.
1172 2494 1239 2547 Met.
1257 2492 1307 2550 XV.

146 2565 303 2628 eos-814,
330 2560 461 2614 inostro
483 2559 598 2614 multum
628 2559 714 2614 disere
733 2563 775 2625 at,
803 2576 965 2630 quamquam
991 2561 1072 2614 etiam
1099 2560 1194 2628 Wagn.
1217 2563 1309 2624 censet,

148 2629 293 2696 „Ovidium
308 2628 375 2682 haee
393 2628 475 2707 rerba
491 2628 635 2696 arripuisse
653 2644 684 2681 ae
702 2578 844 2695 rdetoriee,
869 2628 916 2682 sed
933 2644 1027 2708 pamm
1056 2627 1184 2690 feliciter,
1209 2644 1311 2682 exorna·

147 2699 257 2764 risse“),
280 2696 319 2750 ita
341 2698 382 2750 est
405 2694 571 2764 explicanda,
594 2699 626 2749 ut
649 2696 680 2749 Ιιι
699 2697 752 2750 iter
771 2696 905 2749 narrando
933 2695 959 2748 id
983 2695 1088 2749 efficere
1115 2697 1311 2763 cogitemus

148 2767 207 2820 iata
228 2765 287 2834 ipsa
313 2763 390 2832 qnasi
411 2766 475 2817 ante
496 2762 606 2817 Veneris
632 2780 662 2816 oc
693 2781 722 2817 os
745 2764 899 2830 volvantur,
924 2763 1048 2832 ideoque,
1071 2764 1094 2815 si
1121 2780 1255 2817 suminam
1279 2762 1311 2816 rei

148 2834 313 2904 spectamus,
339 2831 447 2898 denqiue
468 2832 576 2884 volsere
598 2831 669 2885 idem
687 2832 743 2886 iere
761 2832 805 2895 sit,
824 2830 895 2901 quod
913 2830 995 2885 altius
1014 2834 1180 2899 repetentem
1200 2848 1311 2895 narrare,

149 2899 280 2971 quomedo
301 2899 360 2953 lata
381 2898 529 2951 volvantur.
567 2899 608 2952 Cf.
626 2900 708 2953 etiam
726 2899 783 2961 III,
804 2901 859 2953 102.
879 2899 968 2967 ibique
986 2898 1090 2952 adnott.
1122 2899 1209 2954 Thiel.
1230 2901 1312 2952 minus

149 2967 324 3040 probabiliter
341 2965 480 3035 coniungit
496 2966 578 3019 rerba
595 2967 704 3033 loaqr'iis
720 2967 830 3019 movebo
852 2972 880 3020 ct
900 2967 960 3035 Kap
980 2983 1008 3019 es
1027 2966 1046 3019 1.
1065 2967 1082 3019 l.
1097 2967 1189 3034 sodor
1201 2967 1311 3035 loriqi'm.

150 3068 182 3076 —
200 3053 327 3090 arcario
348 3050 487 3097 movere,
512 3033 589 3102 quasi
613 3033 720 3087 occlusa
740 3035 842 3112 aperire
865 3036 894 3087 et
917 3035 946 3086 in
962 2984 1050 3087 iucem
1074 3034 1239 3102 protrahere.
1274 3033 1311 3086 (11.

148 3102 283 3159 Sehiraeh.
322 3105 403 3156 ,498ι
421 3101 505 3168 Heyn.
523 3102 633 3154 movebo
653 3101 703 3152 siin
723 3099 811 3154 liciter
825 3118 874 3170 per
890 3102 1032 3181 proferam,
1050 3103 1174 3168 narrabo,
1193 3102 1312 3171 explicat,

148 3172 210 3226 coll.
236 3120 325 3224 nenti.
349 3169 383 3222 ad
409 3169 473 3222 Hor.
499 3168 549 3222 Od.
572 3168 627 3228 III,
652 3172 680 3233 1,
698 3118 739 3221 ii).
770 3170 826 3233 (ubi
844 3169 959 3237 legimus
975 3168 1106 3248 distortos
1123 3174 1239 3232 moreti.
1274 3168 1311 3221 01.

148 3240 230 3294 etiam
250 3237 353 3291 adnott.
372 3236 406 3290 ad
423 3236 489 3289 Aen.
506 3235 571 3302 VII,
590 3238 632 3288 45.
657 3236 810 3302 oltetx,
841 3240 912 3303 163,
943 3238 989 3289 ubi
1020 3244 1115 3290 contris
1143 3255 1253 3290 morere
1289 3238 1314 3288 et

148 3307 226 3362 Ovid.
244 3306 310 3359 Met.
328 3304 400 3366 XIV,
419 3305 470 3368 ie,
495 3303 542 3355 ubi
560 3319 668 3355 cariaco
684 3319 792 3355 moriere
806 3303 832 3357 le
851 3305 915 3357 itur.
949 3304 1032 3358 Pauci
1053 3303 1162 3384 quidam
1184 3278 1269 3357 Codd.
1289 3306 1314 3357 et

149 3374 224 3429 editt.
243 3376 311 3427 vett.
329 3373 440 3424 monebo
459 3370 502 3423 sel
522 3370 632 3432 decedo,
650 3372 757 3424 temere.
776 3402 809 3410 —
827 3321 893 3431 {63
913 3372 1044 3425 Bellom
1061 3389 1186 3439 inperii,
1205 3375 1238 3424 nt
1254 3372 1312 3425 (iso.

149 3443 185 3509 II,
203 3444 262 3495 iis.
280 3438 438 3501 -Itoli'a,
457 3453 504 3505 pro
521 3438 549 3489 in
566 3435 654 3503 Italia,
675 3454 747 3492 more
763 3437 933 3495 Graecorum.
952 3440 993 3493 (11.
1012 3439 1046 3492 ad
1058 3439 1122 3493 Geo.
1140 3440 1164 3506 1,
1180 3444 1238 3494 134.
1252 3439 1313 3493 Aen.

149 3510 176 3573 Ι,
195 3513 219 3564 2.
236 3511 264 3562 et
280 3506 317 3561 iil.
335 3505 440 3560 adnott.
458 3535 490 3543 -
503 3504 652 3573 populos
663 3505 804 3572 seroces
835 3507 949 3560 Rutulos
974 3510 1002 3560 et
1023 3507 1161 3567 Etruscos,
1185 3515 1314 3560 contor-

150 3580 211 3644 det,
230 3573 369 3644 superabit
396 3573 494 3636 vincet,
525 3572 651 3625 ferociam
681 3589 772 3626 eorum
800 3547 935 3639 irangens.
971 3575 1014 3627 oi.
1044 3575 1101 3628 Lis.
1131 3574 1244 3642 XXVII,
1279 3578 1313 3627 ii.

149 3647 311 3699 ethomme
331 3614 431 3695 milites
453 3638 624 3718 (Hannibal),
648 3648 678 3692 at
701 3658 830 3694 rriemorm
851 3640 1007 3695 Tross'meiii
1029 3641 1239 3710 Cormorimiqiie
1256 3661 1314 3695 cori·

150 3713 293 3766 tenderent
307 3709 444 3774 ferociam
461 3708 554 3761 licitis.
573 3707 656 3761 eiusd.
676 3708 730 3770 XL,
746 3712 787 3771 52,
809 3714 841 3773 6.,
861 3711 906 3763 ubi
925 3709 958 3764 de
976 3719 1087 3762 conticeo
1105 3710 1315 3777 Antiocdireqi's

149 3780 234 3833 edisse
251 3793 337 3830 sermo
354 3778 404 3829 est.
424 3774 554 3828 Similiter
567 3775 630 3828 Hor.
642 3774 692 3829 0d.
706 3776 756 3842 III,
772 3781 796 3842 b,
813 3781 852 3831 10.
869 3778 990 3848 trapetas,
1005 3777 1069 3830 ibid.
1082 3776 1129 3843 IV,
1144 3780 1167 3843 3,
1183 3781 1207 3832 8.
1226 3796 1257 3830 re
1283 3795 1314 3828 eii

148 3847 246 3912 misai,
258 3845 337 3913 Prop.
351 3843 373 3905 I,
391 3847 411 3896 1.
427 3845 465 3895 io.
479 3843 631 3908 rae'ei‘tt'om,
647 3846 674 3895 et
687 3842 742 3896 cic.
758 3844 821 3912 Rep.
834 3845 857 3912 Ι,
875 3851 897 3912 1,
915 3851 935 3899 1.
950 3845 1048 3898 bellaria
1064 3847 1231 3898 coiitundere
1267 3846 1314 3898 ‘xe-

151 3917 222 3977 runt,
238 3916 267 3966 et
281 3911 335 3966 Cic.
352 3911 422 3965 Phil.
437 3910 513 3978 XIII,
527 3913 565 3964 13.
578 3910 715 3978 coniungit
726 3915 889 3967 comendare
903 3916 930 3967 et
939 3916 1081 3982 srciipeic.
1097 3912 1219 3966 Ferocis
1228 3917 1314 3967 autem

150 3983 269 4036 militum
282 3979 309 4032 in
325 3979 405 4034 laude
416 3981 467 4032 est.
482 3979 523 4031 ci.
537 3977 603 4032 Sall.
617 3978 677 4031 cai.
692 3980 1000 4049 religiosorem,
1015 3983 1055 4034 it.
1067 3980 1128 4032 Tae.
1140 3980 1211 4034 Hist.
1227 3982 1262 4043 Π,
1277 3984 1315 4034 io.

151 4067 168 4105 a
189 4047 330 4104 Gessravio
353 4047 426 4101 land.
451 4078 482 4085 -
504 4042 658 4105 264---26b
687 4064 875 4117 „moresque
896 4050 982 4102 ciris
1007 4054 1036 4100 et
1061 4049 1190 4101 moenie
1208 4057 1316 4119 portet,

150 4119 245 4173 urbem
274 4115 369 4169 condet
399 4114 539 4168 Lavinium
571 4116 599 4167 et
628 4130 726 4167 novum
756 4116 896 4185 imperium
926 4114 1052 4169 fundabit
1080 4114 1187 4183 legibus
1221 4119 1316 4183 (morer

147 4188 241 4255 periet)
292 4183 391 4236 rillud
408 4182 562 4246 triennium,
580 4198 632 4250 quo
651 4184 911 4250 regiinm'tenebitf‘
930 4183 1017 4250 Herm.
1038 4182 1132 4235 Mores
1149 4198 1199 4251 pro
1211 4183 1316 4254 legibus

151 4252 233 4306 etiam
250 4200 371 4330 dieti
402 4253 430 4331 et
457 4249 532 4316 VIII,
552 4253 615 4328 310.ο
641 4249 754 4318 legitur,
781 4268 883 4320 ponere
898 4253 990 4304 antem
1008 4253 1065 4330 tam
1082 4250 1222 4304 moenibus
1238 4269 1316 4321 quam

151 4320 273 4373 merides
298 4335 314 4372 1.
335 4335 357 4373 e.
374 4318 488 4388 legibus,
507 4333 654 4384 convenire,
675 4315 766 4371 Burm.
785 4318 878 4372 decere
895 4318 987 4371 studet
1005 4318 1070 4370 locis
1088 4318 1190 4371 Iiueani
1208 4319 1251 4383 II,
1278 4324 1316 4372 12.

152 4388 218 4453 (ries
234 4360 280 4440 nil
289 4386 410 4457 positam
425 4389 474 4445 esti
492 4386 602 4464 ettden.
620 4384 653 4447 X,
673 4388 741 4445 623,
777 4386 804 4437 ni
823 4388 914 4439 tamen
931 4403 982 4439 non
999 4402 1108 4464 pnirsus
1122 4386 1241 4440 eiusdem
1255 4390 1316 4441 sunt

83 4466 85 4470 ⁴
171 4456 265 4510 eneris.
299 4455 396 4508 Atius
415 4454 527 4508 conferri
544 4454 669 4533 poterant
687 4453 750 4505 Hor.
806 4454 826 4508 t.
844 4453 872 4519 1,
897 4457 925 4519 3,
959 4457 1014 4507 105.
1043 4453 1124 4506 Silius
1152 4453 1228 4518 XIII,
1259 4459 1316 4508 533.

149 4473 200 4577 die.
230 4524 303 4577 Verr.
322 4471 362 4588 ΙΙ,
386 4525 415 4590 5,
438 4525 485 4584 ii,
505 4521 550 4573 ubi
568 4521 639 4587 lepos
653 4537 764 4589 periere,
784 4523 811 4573 et
828 4519 907 4589 Prop.
927 4521 958 4584 V,
978 4520 1057 4585 dvi,
1075 4525 1099 4586 0,
1117 4524 1167 4585 di,
1188 4523 1236 4575 ubi
1253 4524 1316 4576 iero

158 4607 244 4644 oriere
257 4590 387 4657 legimus,
409 4592 438 4646 et
454 4590 620 4644 Graecorum
639 4605 672 4642 νο
695 4594 818 4642 οθετεῑιι.
844 4589 944 4658 Wagn.
959 4592 1054 4641 tamen
1066 4605 1181 4655 neugma
1195 4593 1316 4644 statuen·

124 4607 191 4711 ἔω
211 4660 244 4713 et
258 4659 347 4713 dabit
361 4657 399 4715 ad
428 4674 522 4715 mores
553 4608 741 4728 supplendum
771 4673 832 4714 esse
859 4659 962 4723 denset,
992 4654 1149 4724 quodiam
1174 4654 1316 4722 uituperetis*
