2782 4958
166 218 225 279 758
517 212 554 275 P.
577 210 762 275 VERGILI
775 207 985 277 MARONIS

165 376 280 441 Donee
300 375 398 459 longa
418 372 488 438 dies
510 375 655 459 perfeeto
676 374 834 460 temporis
856 370 935 436 orbe

167 459 359 525 Concretam
381 458 501 521 exemit
521 456 628 522 labem
648 478 830 544 purumque
852 453 1006 541 relinquit

166 643 373 653 ..----.--

166 775 194 828 et
212 787 277 826 sane
293 770 387 841 negari
403 768 506 839 nequit,
523 769 594 825 hane
610 784 744 825 summam
761 785 820 824 esse
836 767 996 832 sententiae,
1022 764 1106 820 modo
1125 765 1212 821 etiam
1231 764 1336 819 candido

165 840 286 895 Manium
304 838 385 893 simul
402 836 569 906 respiciatur,
609 853 644 891 na
662 837 724 892 illas
741 852 841 908 poenae
861 835 1010 905 patiuntur.
1045 833 1169 903 Ideoque
1188 833 1277 902 Heyn
1293 832 1337 901 (oui

166 907 318 962 adsentitur
335 905 411 961 Iahn.
430 904 458 957 in
476 904 565 972 priore
582 855 625 959 eii
640 909 658 971 .)
676 906 713 959 sie
732 905 860 974 explieat:
885 919 994 982 „omnes
1014 901 1140 972 patimur
1158 901 1227 980 liaeo
1245 899 1337 970 suppli·

166 975 209 1029 oia
237 974 368 1042 (subimus
397 971 460 1026 illas
482 973 657 1041 purgationes
686 975 880 1026 tormentorum
907 970 1030 1037 armiles),
1049 984 1106 1022 non
1124 969 1239 1037 qmdom
1274 967 1337 1021 mles

166 1057 238 1095 nuno
264 1056 365 1104 sumus,
393 1039 497 1092 animae
526 1040 630 1108 eorpori
654 1039 780 1105 inclusae,
812 1039 859 1093 sed
876 1037 983 1107 quoad
1007 1054 1075 1090 aeros
1240 985 1336 1113 liano,

166 1125 215 1179 pro
232 1107 277 1161 rul
298 1152 304 1164 .
322 1108 446 1160 nostrum
463 1106 581 1160 omniurn
594 1107 686 1160 Menoe
705 1107 853 1177 patiuntur,
873 1105 991 1159 omnium
1003 1052 1222 1158 nemum
1238 1101 1337 1157 attende

167 1177 258 1231 annt.“
276 1124 328 1229 gad
346 1173 389 1228 hie
402 1174 578 1253 Aoeusativus
595 1174 736 1228 absolutus
753 1172 981 1253 hatet'profeota
1001 1188 1071 1241 quae
1087 1119 1248 1250 edendae&
1266 1184 1338 1248 quaro

167 1244 298 1314 equidem,
316 1242 415 1296 Mones
433 1256 481 1309 pro
498 1257 556 1321 ipso
568 1241 727 1295 6666666166
741 1241 848 1296 Obieetr
863 1240 976 1305 habens,
994 1239 1085 1292 losum
1103 1253 1146 1291 aro
1165 1253 1259 1305 capro:
1276 1252 1337 1306 qun·

167 1329 219 1384 qne
238 1312 361 1365 nostrum
390 1324 435 1362 eas
461 1312 565 1375 patitur
590 1309 743 1363 venationes
773 1308 840 1371 (tria
863 1307 933 1361 enim
955 1322 1056 1376 genera
1072 1304 1251 1375 purgationis
1268 1306 1338 1357 antea

167 1381 377 1436 oommemorata
393 1377 477 1439 sunt),
498 1392 566 1445 quae
583 1375 739 1445 purgandae
748 1375 869 1429 dianium
887 1389 997 1428 suorum
1014 1376 1135 1427 naturae
1153 1371 1183 1440 (i
1196 1388 1221 1426 6.
1238 1372 1273 1426 116
1290 1387 1337 1424 mo-

166 1449 250 1513 ribus,
266 1447 362 1515 quibus
380 1442 517 1512 praeditus
535 1459 566 1497 er
584 1442 642 1497 vita
659 1443 798 1497 discedens
815 1443 887 1496 inter
904 1441 997 1495 Manes
1014 1443 1217 1519 receptustest,
1237 1442 1266 1493 et
1281 1455 1337 1508 quoe

167 1517 202 1571 ab
230 1514 308 1567 initio
334 1512 416 1566 etiam
443 1511 513 1564 inter
530 1510 624 1564 Manes
647 1526 757 1565 versans
773 1509 883 1575 retinet)
900 1508 943 1562 his
959 1509 1004 1563 vel
1021 1507 1079 1562 illia
1097 1508 1177 1560 vitiis
1195 1522 1337 1560 eommaeu·

167 1584 241 1637 latae
258 1584 323 1634 sunt
340 1578 614 1632 convenientissimas.
648 1579 716 1632 Pati
731 1578 816 1646 igitur
833 1581 947 1630 Manes
963 1593 1044 1630 eoos
1073 1575 1191 1637 ,661666
1209 1575 1337 1638 aaudiat·

168 1658 212 1703 teo
229 1647 439 1703 Seekmretoad
455 1647 580 1712 beseoo‘)
599 1646 692 1699 eadem
710 1645 765 1699 iere
784 1645 887 1698 ratione
907 1642 1018 1709 dietum,
1064 1657 1101 1696 ua
1119 1643 1275 1712 expendere
1290 1657 1337 1694 seo

168 1720 276 1837 haspro
293 1732 353 1785 erp.
369 1729 490 1783 poenam
507 1713 617 1766 scelerae
635 1719 663 1768 et
681 1712 780 1766 similia
802 1714 830 1765 et
846 1711 918 1792 qnod
934 1710 969 1765 ad
987 1726 1052 1765 oona
1099 1709 1224 1764 ationem
1240 1710 1336 1787 attinet

168 1785 201 1839 of.
246 1783 341 1849 11,21.
368 1798 402 1834 ae
423 1788 544 1833 monstro
558 1781 605 1851 pii
618 1787 780 1852 paterentur
804 1781 875 1833 talto
896 1780 989 1842 Troes,
1014 1778 1075 1833 16.
1094 1776 1297 1830 conversionem
1314 1792 1335 1828 6

168 1851 236 1905 talia
265 1850 394 1903 monstra.
430 1847 603 1916 Eandemque
632 1849 688 1901 fere
717 1847 770 1902 loci
800 1861 814 1899 e
849 1846 1002 1901 lieationem
1024 1847 1187 1913 proponunt
1204 1843 1336 1897 Mdnsoher

169 1919 248 1974 Obss.
267 1917 295 1969 in
313 1917 393 1984 Verg.
413 1917 480 1968 Aen.
499 1918 549 1976 22,
577 1914 660 1969 'Plriel
683 1914 771 1968 multa
789 1864 866 1968 dexia.
883 1913 902 1967 l.
921 1914 1073 1981 disputans,
1091 1911 1173 1965 Iahn.
1191 1911 1222 1964 iu
1241 1910 1282 1964 ed.
1298 1910 1335 1971 ll,

168 1986 254 2054 Bryoe
284 1983 371 2049 (ouius
401 1982 482 2051 longa
512 1981 602 2035 adnot.
626 1982 716 2035 minus
734 1982 809 2036 elara
825 1982 875 2046 est,
905 1982 951 2052 qni
966 1984 1061 2034 tamen
1079 1978 1116 2032 ad
1136 1980 1335 2034 6456666616

168 2053 240 2106 huno
257 2051 346 2104 locum
361 2048 423 2102 inde
442 2066 459 2103 e
476 2052 569 2102 6124.
589 2051 657 2103 satis
675 2051 748 2102 reete
765 2049 792 2101 in
810 2048 930 2116 linguam
947 2046 1088 2126 Anglieam
1108 2045 1275 2107 transtulitl‚
1292 2046 1335 2098 Ia·

170 2121 246 2182 dora,
265 2119 360 2185 Wagn.
378 2117 405 2168 in
424 2116 561 2170 reoentiss.
584 2115 692 2170 demum
716 2117 778 2170 edit.
798 2116 856 2185 (qui
873 2115 933 2170 eoll.
952 2113 1030 2169 0661.
1047 2113 1093 2166 Tr.
1113 2113 1149 2179 V,
1170 2117 1211 2177 14,
1233 2115 1272 2166 12.
1291 2112 1335 2164 Di·

169 2187 233 2240 vitis
264 2187 305 2237 od
333 2199 426 2236 mosee
451 2183 493 2235 eil
523 2184 595 2245 feret
614 2185 712 2236 ambra
728 2202 792 2237 soor
811 2186 882 2237 reete
900 2183 938 2236 sie
955 2180 1102 2249 distinguit
1120 2180 1337 2234 intermanet

169 2255 288 2317 umbrae,
319 2252 358 2310 ut,
389 2250 459 2318 qnod
481 2249 508 2302 in
526 2249 587 2304 vivo
605 2249 712 2304 homine
730 2266 834 2319 eorpus,
865 2248 892 2302 id
910 2251 937 2303 in
957 2250 1063 2303 mortuo
1081 2246 1121 2300 sit
1140 2248 1248 2314 umbra,
1277 2245 1337 2315 quod

169 2320 283 2381 animus,
313 2332 419 2379 manes;
449 2333 531 2386 quare
562 2333 622 2371 eum
651 2319 756 2372 animus
780 2333 861 2373 eausa
879 2318 916 2371 sit
933 2316 1050 2371 omnium
1069 2319 1256 2395 peecatorum,
1283 2331 1338 2367 raes

168 2404 261 2441 inanes
288 2385 353 2456 poti
376 2385 585 2454 interpretatur:
617 2426 633 2447 „
655 2401 735 2439 oenas
753 2385 894 2439 libidinum
912 2388 993 2453 atque
1010 2399 1097 2436 omma
1138 2378 1266 2437 raritatis
1282 2397 1337 2435 suaa

168 2455 257 2575 pati‘)
275 2457 304 2506 ot
320 2452 410 2520 Hemy
427 2451 455 2531 in
473 2451 571 2506 Philol.
590 2402 675 2507 xlii.
715 2457 791 2507 ,642
810 2469 849 2521 sq.
878 2453 911 2507 In
929 2452 991 2506 mai.
1009 2449 1077 2506 edit.
1129 2467 1196 2530 agn.
1215 2465 1336 2504 memora·

187 2522 252 2575 ilem
270 2523 361 2574 666666
379 2519 520 2573 leotronam
539 2519 623 2574 Codd.
642 2521 684 2575 Gn
705 2563 710 2574 .
729 2535 773 2589 ap.
792 2520 954 2575 Anneianum
972 2537 996 2588 p.
1016 2522 1075 2572 257.
1101 2517 1230 2572 Lmdem.
1248 2534 1336 2582 moro,

169 2606 237 2661 quae
255 2588 321 2642 mihi
338 2604 370 2640 ex
388 2587 549 2655 glossemate
568 2590 628 2642 orta
645 2587 759 2641 ridetur.
789 2587 974 2642 Waohsmuth.
993 2587 1020 2640 in
1037 2585 1181 2639 Athenaeo
1199 2585 1222 2641 L
1241 2602 1268 2654 p.
1286 2588 1336 2638 263.

170 2674 218 2727 pro
243 2674 309 2709 eoos
325 2655 425 2708 Medea
455 2655 520 2708 6661.
550 2673 616 2709 mar
641 2671 747 2724 poenos
770 2656 814 2708 vel
834 2672 899 2709 eoos
915 2671 1024 2716 6666666,
1051 2655 1081 2708 66
1096 2653 1207 2707 Peerlk.
1228 2655 1337 2721 Quisque

168 2743 246 2777 soom
259 2723 385 2792 potimur
403 2721 510 2783 Mones,
540 2723 558 2775 i.
580 2739 601 2776 e.
620 2723 732 2775 Animae
751 2723 905 2802 expendunt
921 2722 1053 2777 malorum
1071 2737 1185 2774 suorum
1204 2720 1336 2791 supplicia

170 2791 212 2846 oui
232 2791 399 2845 coniecturae
416 2791 524 2844 tantum
543 2791 650 2853 tribuit,
668 2793 699 2843 ut
716 2790 839 2845 adiiorat:
859 2790 965 2855 „Verbo
981 2806 1035 2843 non
1053 2804 1122 2858 opus
1142 2791 1194 2851 est,
1213 2793 1336 2842 uternen-

170 2859 244 2913 datio
274 2858 331 2912 tam
360 2857 473 2926 simplex
497 2858 727 2913 commendetur.“
762 2858 906 2912 Praeterea
924 2857 957 2911 de
974 2857 1002 2910 h.
1020 2857 1072 2910 le
1108 2858 1175 2910 runt
1193 2857 1288 2910 Bauer.
1305 2853 1335 2908 ad

169 2927 260 2980 Sanet.
278 2926 343 2980 Min.
360 2925 396 2979 Π.
416 2941 443 2992 p.
462 2927 519 2978 366.
536 2924 557 2979 Ι.
579 2927 608 2980 F.
627 2926 754 2993 Wagner.
781 2924 814 2979 de
831 2925 896 2978 loeis
914 2924 1038 2994 quibnad.
1082 2940 1096 2978 e
1133 2926 1210 2978 ,ete
1229 2941 1256 2992 p.
1274 2929 1298 2976 5.
1313 2922 1337 2975 66

169 2993 274 3061 Hoegg.
292 2992 311 3045 l.
331 2991 350 3045 l.
371 3008 397 3059 p.
418 2996 466 3053 14..
496 3008 607 3060 quorum
629 2996 781 3047 commenta
798 2994 945 3072 praetereo
980 2992 1111 3061 Stiptlius'
1137 2991 1161 3045 'o
1180 3006 1284 3060 quoque
1299 2992 1336 3042 ta·

170 3063 220 3115 oet.
256 3060 296 3113 De
313 3059 455 3113 notissima
474 3061 564 3112 autem
582 3060 724 3113 verborum
747 3059 932 3114 coniunctione
950 3061 1063 3128 quisque
1075 3060 1205 3129 potinam
1220 3076 1282 3111 seor
1298 3056 1335 3110 Μ.

171 3128 205 3183 ef.
224 3127 329 3182 Ruhnk.
348 3126 382 3179 ad
400 3126 459 3179 Ter.
478 3126 575 3180 Heaut.
594 3126 616 3190 1,
639 3130 661 3188 l,
680 3130 694 3178 t
700 3131 720 3180 1.
751 3128 834 3181 Drak.
852 3127 888 3181 ad
905 3128 963 3182 niv.
982 3127 1018 3192 11,
1038 3130 1080 3191 tt,
1100 3131 1123 3179 1,
1144 3127 1219 3180 (tort
1239 3124 1273 3180 ad
1289 3125 1336 3177 Lu·

169 3212 227 3249 ean.
247 3195 269 3257 I,
291 3197 349 3247 438.
385 3192 507 3247 Oudend.
534 3194 568 3248 ad
585 3194 661 3248 Caes.
681 3193 712 3250 B.
731 3195 753 3258 1,
773 3200 813 3248 33.
842 3195 929 3251 Kritz.
958 3194 992 3249 ad
1017 3194 1084 3249 Sall.
1106 3194 1210 3257 0666,
1231 3196 1335 3253 3.1,1.

169 3263 271 3317 Hertel.
291 3261 325 3315 ad
343 3261 407 3314 Tae.
424 3260 487 3329 Agr.
506 3264 530 3313 3.
559 3261 662 3315 Daehn.
681 3261 716 3314 ad
733 3261 801 3331 Nep.
821 3263 913 3318 Them.
931 3268 956 3327 4,
976 3266 1000 3315 2.
1025 3261 1107 3315 Baoh.
1126 3261 1162 3316 ad
1180 3261 1257 3315 Ovid.
1276 3260 1335 3312 liet.

168 3331 191 3391 Ι,
212 3334 254 3383 69.
277 3332 305 3383 66
324 3329 357 3395 V,
383 3331 439 3382 212.
472 3327 597 3382 Rnddim.
622 3329 658 3384 Π.
702 3372 707 3382 .
731 3332 788 3383 369.
818 3330 926 3411 Zumpt.
950 3335 972 3395 ξ.
992 3333 1050 3382 361.
1080 3329 1137 3382 alii.
1157 3329 1335 3391 —ear'ade‚

168 3401 312 3518 postquam
340 3398 397 3449 tam
422 3396 468 3449 diu
497 3395 650 3465 purgationi
676 3345 778 3449 titinius
796 3398 909 3453 obnoxu.
929 3427 962 3435 -
1004 3415 1039 3450 er
1055 3396 1214 3465 Elysiam
1232 3412 1282 3448 non
1300 3411 1336 3446 so·

169 3481 227 3585 6
250 3415 1050 3601 r,rsaetoso.interero..rte
1071 3462 1336 3599 6661666

169 3599 242 3653 haud
261 3599 341 3653 dubie
359 3597 500 3651 haerentes
519 3598 547 3650 16
564 3614 620 3651 666.
636 3571 755 3668 pauit,
775 3598 808 3652 de
827 3616 880 3668 quo
899 3601 984 3656 etiam
995 3599 1103 3667 Hegea:
1122 3597 1227 3661 „Tenet
1244 3600 1272 3650 et
1287 3613 1336 3650 roo

170 3668 322 3732 maternos,
350 3664 421 3734 quod
435 3667 524 3734 parari
544 3665 571 3718 in
589 3665 647 3719 loeo
663 3666 737 3719 laeta
756 3666 912 3730 mittantur;
941 3665 1005 3736 qnid
1024 3666 1110 3733 igitur
1126 3665 1160 3718 fit
1178 3664 1212 3718 de
1229 3662 1337 3718 esteris?

170 3734 304 3787 Eorumne
321 3731 495 3801 purgationes
514 3732 691 3786 absolurntur
709 3732 784 3786 nullo
806 3735 947 3801 tempore?
981 3731 1099 3795 Neritii,
1131 3733 1178 3810 qui
1195 3732 1230 3785 ad
1250 3732 1336 3784 Tarta·

171 3817 229 3854 rum
250 3801 414 3868 relegantur,
441 3815 474 3853 ne
492 3800 527 3853 ad
545 3801 720 3869 purgationes
756 3799 847 3854 uidem
866 3800 985 3865 admitti,
1013 3815 1062 3853 neo
1080 3798 1191 3853 admitti
1210 3815 1287 3868 posse
1303 3797 1337 3850 ri·

170 3868 296 3948 denturf‘
314 3897 346 3906 —
365 3867 487 3922 Rectius:
508 3869 629 3948 puouoi,
650 3869 711 3947 quia
728 3816 796 3946 pieri
815 3884 849 3922 66
866 3869 906 3921 ita
923 3866 1078 3946 6666616116
1096 3865 1337 3946 16166616666116

170 3939 330 4056 purgatione
361 3934 441 4004 plane
470 3936 505 3988 ab
530 3952 563 3988 ns
581 3935 691 3989 liberari
726 3885 820 3988 assini.
856 3935 941 3989 Servii
958 3935 1055 4004 opinio,
1086 3949 1156 4003 quae
1173 3949 1263 3988 minus
1281 3949 1337 4001 pur·

169 4020 221 4072 gen
237 4020 269 4057 ur
287 4018 399 4063 ammae.
430 4018 475 4056 eas
493 4003 528 4056 ad
545 4017 655 4070 corpora
675 4019 704 4057 re
725 4003 771 4081 re,
802 4005 831 4056 et
849 4003 944 4056 statim
962 4001 1080 4071 quidem,
1118 4000 1335 4055 6666616666-

170 4072 233 4133 rint,
279 4086 329 4124 uae
351 4070 456 4133 melius,
486 4069 600 4131 tardius,
628 4073 700 4124 reete
722 4069 843 4124 reiicitur
860 4086 877 4124 a
893 4070 927 4123 W
984 4108 1001 4132 .,
1028 4083 1090 4122 oum
1127 4067 1191 4122 nius
1207 4068 1352 4122 doetrinae¹

169 4137 242 4259 apud
260 4088 339 4207 ierg.
365 4137 471 4191 nullum
501 4137 665 4216 inveniatur*
683 4135 854 4205 vestigium·
872 4138 940 4191 Peer
970 4181 976 4192 .
1002 4135 1085 4190 verba
1101 4136 1204 4191 exinde
1219 4153 1268 4205 per
1284 4152 1335 4213 aa·

200 4224 245 4258 om
271 4235 282 4246 ·
311 4235 322 4246 ·
348 4223 419 4258 awa
448 4212 564 4258 16666666
592 4220 685 4273 spuria
712 4203 803 4258 habet.
822 4237 855 4245 -
876 4204 941 4266 746.
973 4205 1090 4256 Donec
1122 4205 1228 4273 leoga
1256 4204 1336 4264 drea,

164 4224 1338 4410 1(6666663..66666666316363163161663

168 4407 685 4545 elelrltlle‘eertdu
700 4359 863 4545 ,6631
1066 4409 1175 4537 tel
1190 4406 1341 4528 6616

168 4545 232 4610 post
262 4546 379 4614 tempus,
409 4545 434 4598 h.
464 4561 485 4600 e.
518 4544 592 4598 millo
623 4559 716 4598 annos.
758 4543 818 4598 Vid.
849 4560 874 4598 6.
907 4546 965 4597 tae.
993 4542 1022 4596 et
1050 4540 1084 4596 el.
1115 4540 1198 4596 Pauli
1225 4541 1260 4596 ad
1288 4539 1341 4597 Gal.

168 4611 193 4671 l,
213 4613 236 4666 4.
257 4612 339 4666 verba
357 4614 404 4666 διε
422 4606 491 4677 ἦλθε
509 4613 541 4666 τὸ
560 4609 699 4680 πλήρωμα
719 4615 768 4665 τοῦ
787 4613 902 4681 χρόνον.
922 4641 956 4652 -
974 4608 1039 4670 746.
1062 4617 1267 4664 concretam
1295 4610 1341 4663 lo·
