<?xml version="1.0" encoding="UTF-8"?>
<!DOCTYPE html PUBLIC "-//W3C//DTD XHTML 1.0 Transitional//EN"
    "http://www.w3.org/TR/xhtml1/DTD/xhtml1-transitional.dtd">
<html xmlns="http://www.w3.org/1999/xhtml" xml:lang="en" lang="en">
 <head>
  <title>
</title>
<meta http-equiv="Content-Type" content="text/html;charset=utf-8" />
  <meta name='ocr-system' content='tesseract 3.04.00' />
  <meta name='ocr-capabilities' content='ocr_page ocr_carea ocr_par ocr_line ocrx_word'/>
</head>
<body>
  <div class='ocr_page' id='page_1' title='image "./opera06virggoog_0694.png"; bbox 0 0 2858 4964; ppageno 0'>
   <div class='ocr_carea' id='block_1_1' title="bbox 186 189 983 277">
    <p class='ocr_par' dir='ltr' id='par_1_1' title="bbox 186 189 983 277">
     <span class='ocr_line' id='line_1_1' title="bbox 186 189 983 277; baseline -0.008 -2"><span class='ocrx_word' id='word_1_1' title='bbox 186 213 247 277; x_wconf 80' lang='lat' dir='ltr'><strong>osa</strong></span> <span class='ocrx_word' id='word_1_2' title='bbox 509 207 546 270; x_wconf 88' lang='lat' dir='ltr'><strong>P.</strong></span> <span class='ocrx_word' id='word_1_3' title='bbox 575 189 762 271; x_wconf 67' lang='lat' dir='ltr'><strong>visseim</strong></span> <span class='ocrx_word' id='word_1_4' title='bbox 782 202 983 270; x_wconf 73' lang='lat' dir='ltr'><strong>ussurus</strong></span> 
     </span>
    </p>
   </div>
   <div class='ocr_carea' id='block_1_2' title="bbox 186 368 1138 708">
    <p class='ocr_par' dir='ltr' id='par_1_2' title="bbox 186 368 1090 541">
     <span class='ocr_line' id='line_1_2' title="bbox 186 368 1090 458; baseline -0.003 -20"><span class='ocrx_word' id='word_1_5' title='bbox 186 373 314 458; x_wconf 83' lang='lat' dir='ltr'>Pingue</span> <span class='ocrx_word' id='word_1_6' title='bbox 332 393 431 458; x_wconf 89' lang='lat' dir='ltr'><strong>super</strong></span> <span class='ocrx_word' id='word_1_7' title='bbox 453 369 559 436; x_wconf 91' lang='lat' dir='ltr'><strong>oleum</strong></span> <span class='ocrx_word' id='word_1_8' title='bbox 580 368 754 436; x_wconf 90' lang='lat' dir='ltr'><strong>infundens</strong></span> <span class='ocrx_word' id='word_1_9' title='bbox 776 370 967 436; x_wconf 75' lang='lat' dir='ltr'><strong>ardentibus</strong></span> <span class='ocrx_word' id='word_1_10' title='bbox 990 370 1090 435; x_wconf 86' lang='lat' dir='ltr'><strong>extis.</strong></span> 
     </span>
     <span class='ocr_line' id='line_1_3' title="bbox 186 452 1026 541; baseline -0.006 -19"><span class='ocrx_word' id='word_1_11' title='bbox 186 457 275 522; x_wconf 84' lang='lat' dir='ltr'><strong>Ecce</strong></span> <span class='ocrx_word' id='word_1_12' title='bbox 296 465 412 537; x_wconf 87' lang='lat' dir='ltr'><strong>autem,</strong></span> <span class='ocrx_word' id='word_1_13' title='bbox 435 455 532 541; x_wconf 91' lang='lat' dir='ltr'><strong>primi</strong></span> <span class='ocrx_word' id='word_1_14' title='bbox 554 453 614 518; x_wconf 90' lang='lat' dir='ltr'><strong>sub</strong></span> <span class='ocrx_word' id='word_1_15' title='bbox 638 452 761 519; x_wconf 92' lang='lat' dir='ltr'><strong>lumina</strong></span> <span class='ocrx_word' id='word_1_16' title='bbox 783 452 861 519; x_wconf 89' lang='lat' dir='ltr'><strong>solis</strong></span> <span class='ocrx_word' id='word_1_17' title='bbox 883 463 915 518; x_wconf 90' lang='lat' dir='ltr'><strong>et</strong></span> <span class='ocrx_word' id='word_1_18' title='bbox 935 463 1026 519; x_wconf 90' lang='lat' dir='ltr'><strong>ortus</strong></span> 
     </span>
    </p>

    <p class='ocr_par' dir='ltr' id='par_1_3' title="bbox 188 536 1138 708">
     <span class='ocr_line' id='line_1_4' title="bbox 188 536 1138 625; baseline -0.005 -21"><span class='ocrx_word' id='word_1_19' title='bbox 188 538 256 605; x_wconf 89' lang='lat' dir='ltr'><strong>Sub</strong></span> <span class='ocrx_word' id='word_1_20' title='bbox 279 536 417 625; x_wconf 89' lang='lat' dir='ltr'><strong>pedibus</strong></span> <span class='ocrx_word' id='word_1_21' title='bbox 441 538 568 622; x_wconf 86' lang='lat' dir='ltr'><strong>mugire</strong></span> <span class='ocrx_word' id='word_1_22' title='bbox 588 536 691 601; x_wconf 91' lang='lat' dir='ltr'><strong>solum</strong></span> <span class='ocrx_word' id='word_1_23' title='bbox 714 545 746 600; x_wconf 91' lang='lat' dir='ltr'><strong>et</strong></span> <span class='ocrx_word' id='word_1_24' title='bbox 766 538 844 623; x_wconf 83' lang='lat' dir='ltr'><strong>iuge</strong></span> <span class='ocrx_word' id='word_1_25' title='bbox 866 548 981 623; x_wconf 86' lang='lat' dir='ltr'><strong>coepta</strong></span> <span class='ocrx_word' id='word_1_26' title='bbox 1004 536 1138 601; x_wconf 87' lang='lat' dir='ltr'><strong>moveri</strong></span> 
     </span>
     <span class='ocr_line' id='line_1_5' title="bbox 188 619 1049 708; baseline -0.006 -20"><span class='ocrx_word' id='word_1_27' title='bbox 188 619 352 688; x_wconf 89' lang='lat' dir='ltr'><strong>Silvarum</strong></span> <span class='ocrx_word' id='word_1_28' title='bbox 374 621 530 708; x_wconf 79' lang='lat' dir='ltr'><strong>visaeque</strong></span> <span class='ocrx_word' id='word_1_29' title='bbox 552 641 650 686; x_wconf 84' lang='lat' dir='ltr'><strong>eones</strong></span> <span class='ocrx_word' id='word_1_30' title='bbox 672 619 797 686; x_wconf 88' lang='lat' dir='ltr'><strong>ululare</strong></span> <span class='ocrx_word' id='word_1_31' title='bbox 818 643 878 707; x_wconf 86' lang='lat' dir='ltr'><strong>per</strong></span> <span class='ocrx_word' id='word_1_32' title='bbox 900 619 1049 684; x_wconf 89' lang='lat' dir='ltr'><strong>umbram</strong></span> 
     </span>
    </p>
   </div>
   <div class='ocr_carea' id='block_1_3' title="bbox 141 903 1386 2534">
    <p class='ocr_par' dir='ltr' id='par_1_4' title="bbox 186 903 1386 1189">
     <span class='ocr_line' id='line_1_6' title="bbox 187 903 1386 977; baseline -0.003 -17"><span class='ocrx_word' id='word_1_33' title='bbox 187 908 271 962; x_wconf 83' lang='lat' dir='ltr'><strong>Varro</strong></span> <span class='ocrx_word' id='word_1_34' title='bbox 284 922 326 976; x_wconf 85' lang='lat' dir='ltr'><strong>ap.</strong></span> <span class='ocrx_word' id='word_1_35' title='bbox 339 906 457 960; x_wconf 89' lang='lat' dir='ltr'><strong>Nonium</strong></span> <span class='ocrx_word' id='word_1_36' title='bbox 468 923 495 977; x_wconf 90' lang='lat' dir='ltr'><strong>p.</strong></span> <span class='ocrx_word' id='word_1_37' title='bbox 508 909 566 970; x_wconf 83' lang='grc'><strong>195,</strong></span> <span class='ocrx_word' id='word_1_38' title='bbox 580 909 620 964; x_wconf 85' lang='grc'><strong>29,</strong></span> <span class='ocrx_word' id='word_1_39' title='bbox 634 910 725 961; x_wconf 81' lang='lat' dir='ltr'><strong>decem</strong></span> <span class='ocrx_word' id='word_1_40' title='bbox 737 923 823 961; x_wconf 80' lang='lat' dir='ltr'><strong>annos</strong></span> <span class='ocrx_word' id='word_1_41' title='bbox 834 906 941 962; x_wconf 76' lang='lat' dir='ltr'><strong>solidos</strong></span> <span class='ocrx_word' id='word_1_42' title='bbox 952 921 1056 961; x_wconf 80' lang='lat' dir='ltr'><strong>errore.</strong></span> <span class='ocrx_word' id='word_1_43' title='bbox 1070 935 1106 945; x_wconf 90' lang='lat'><em>-</em></span> <span class='ocrx_word' id='word_1_44' title='bbox 1118 905 1197 960; x_wconf 88' lang='lat' dir='ltr'><strong>Cum</strong></span> <span class='ocrx_word' id='word_1_45' title='bbox 1210 921 1237 960; x_wconf 85' lang='lat' dir='ltr'><strong>v.</strong></span> <span class='ocrx_word' id='word_1_46' title='bbox 1252 903 1325 966; x_wconf 75' lang='grc'><strong>254.</strong></span> <span class='ocrx_word' id='word_1_47' title='bbox 1340 904 1386 957; x_wconf 81' lang='lat' dir='ltr'><strong>Co</strong></span> 
     </span>
     <span class='ocr_line' id='line_1_7' title="bbox 186 973 1383 1054; baseline -0.003 -25"><span class='ocrx_word' id='word_1_48' title='bbox 186 975 301 1044; x_wconf 85' lang='lat' dir='ltr'><strong>ningtou</strong></span> <span class='ocrx_word' id='word_1_49' title='bbox 319 975 433 1029; x_wconf 83' lang='lat' dir='ltr'><strong>conferri</strong></span> <span class='ocrx_word' id='word_1_50' title='bbox 450 974 526 1028; x_wconf 87' lang='lat' dir='ltr'><strong>iubet</strong></span> <span class='ocrx_word' id='word_1_51' title='bbox 537 974 616 1029; x_wconf 91' lang='lat' dir='ltr'><strong>Hom.</strong></span> <span class='ocrx_word' id='word_1_52' title='bbox 629 975 662 1030; x_wconf 89' lang='lat' dir='ltr'><strong>ss.</strong></span> <span class='ocrx_word' id='word_1_53' title='bbox 675 975 723 1037; x_wconf 88' lang='lat' dir='ltr'><strong>XI,</strong></span> <span class='ocrx_word' id='word_1_54' title='bbox 737 978 793 1033; x_wconf 84' lang='grc'><strong>715,</strong></span> <span class='ocrx_word' id='word_1_55' title='bbox 808 1007 839 1014; x_wconf 81' lang='lat'><strong>—-</strong></span> <span class='ocrx_word' id='word_1_56' title='bbox 850 992 887 1028; x_wconf 82' lang='lat' dir='ltr'><strong>su</strong></span> <span class='ocrx_word' id='word_1_57' title='bbox 916 981 949 1029; x_wconf 72' lang='lat' dir='ltr'><strong>er</strong></span> <span class='ocrx_word' id='word_1_58' title='bbox 967 976 1084 1054; x_wconf 78' lang='lat' dir='ltr'><strong>oleum.</strong></span> <span class='ocrx_word' id='word_1_59' title='bbox 1104 973 1154 1027; x_wconf 86' lang='lat' dir='ltr'><strong>Sic</strong></span> <span class='ocrx_word' id='word_1_60' title='bbox 1175 975 1299 1044; x_wconf 67' lang='lat' dir='ltr'><strong>insuper</strong></span> <span class='ocrx_word' id='word_1_61' title='bbox 1317 973 1383 1041; x_wconf 85' lang='lat' dir='ltr'><strong>apud</strong></span> 
     </span>
     <span class='ocr_line' id='line_1_8' title="bbox 187 993 1384 1123; baseline -0.003 -27"><span class='ocrx_word' id='word_1_62' title='bbox 187 1042 276 1097; x_wconf 88' lang='lat' dir='ltr'><strong>Plaut.</strong></span> <span class='ocrx_word' id='word_1_63' title='bbox 294 1042 374 1099; x_wconf 81' lang='lat' dir='ltr'><strong>licre.</strong></span> <span class='ocrx_word' id='word_1_64' title='bbox 391 1042 439 1109; x_wconf 89' lang='lat' dir='ltr'><strong>IV,</strong></span> <span class='ocrx_word' id='word_1_65' title='bbox 458 1044 483 1108; x_wconf 86' lang='grc'><strong>2,</strong></span> <span class='ocrx_word' id='word_1_66' title='bbox 499 1045 533 1108; x_wconf 91' lang='grc'><strong>2.,</strong></span> <span class='ocrx_word' id='word_1_67' title='bbox 549 1051 686 1123; x_wconf 60' lang='lat' dir='ltr'><strong>sculpere</strong></span> <span class='ocrx_word' id='word_1_68' title='bbox 705 1042 741 1097; x_wconf 91' lang='lat' dir='ltr'><strong>ud</strong></span> <span class='ocrx_word' id='word_1_69' title='bbox 758 1043 835 1097; x_wconf 77' lang='lat' dir='ltr'><strong>Luci.</strong></span> <span class='ocrx_word' id='word_1_70' title='bbox 851 993 909 1106; x_wconf 56' lang='lat' dir='ltr'><strong>ni?</strong></span> <span class='ocrx_word' id='word_1_71' title='bbox 927 1045 961 1105; x_wconf 81' lang='grc'><strong>2.,</strong></span> <span class='ocrx_word' id='word_1_72' title='bbox 978 1050 1051 1095; x_wconf 72' lang='lat' dir='ltr'><strong>enter</strong></span> <span class='ocrx_word' id='word_1_73' title='bbox 1068 1041 1150 1110; x_wconf 87' lang='lat' dir='ltr'><strong>apud</strong></span> <span class='ocrx_word' id='word_1_74' title='bbox 1170 1041 1262 1111; x_wconf 89' lang='lat' dir='ltr'><strong>Prop.</strong></span> <span class='ocrx_word' id='word_1_75' title='bbox 1284 1040 1337 1121; x_wconf 79' lang='grc' dir='ltr'>ΙΙΙ,</span> <span class='ocrx_word' id='word_1_76' title='bbox 1357 1044 1384 1093; x_wconf 77' lang='grc'><strong>21</strong></span> 
     </span>
     <span class='ocr_line' id='line_1_9' title="bbox 198 1060 1383 1189; baseline -0.003 -25"><span class='ocrx_word' id='word_1_77' title='bbox 198 1110 235 1189; x_wconf 78' lang='lat' dir='ltr'><strong>II,</strong></span> <span class='ocrx_word' id='word_1_78' title='bbox 268 1112 330 1175; x_wconf 91' lang='grc'><strong>28.,</strong></span> <span class='ocrx_word' id='word_1_79' title='bbox 361 1113 402 1163; x_wconf 90' lang='grc'><strong>29.</strong></span> <span class='ocrx_word' id='word_1_80' title='bbox 432 1111 504 1189; x_wconf 36' lang='grc'><strong>515..</strong></span> <span class='ocrx_word' id='word_1_81' title='bbox 529 1109 643 1164; x_wconf 88' lang='grc' dir='ltr'>Οιιιιιιιιο</span> <span class='ocrx_word' id='word_1_82' title='bbox 674 1060 709 1165; x_wconf 71' lang='lat' dir='ltr'><strong>ci.</strong></span> <span class='ocrx_word' id='word_1_83' title='bbox 739 1126 808 1180; x_wconf 89' lang='lat' dir='ltr'><strong>quac</strong></span> <span class='ocrx_word' id='word_1_84' title='bbox 840 1126 922 1179; x_wconf 87' lang='lat' dir='ltr'><strong>supra</strong></span> <span class='ocrx_word' id='word_1_85' title='bbox 950 1109 985 1164; x_wconf 90' lang='lat' dir='ltr'><strong>ad</strong></span> <span class='ocrx_word' id='word_1_86' title='bbox 1014 1109 1047 1172; x_wconf 89' lang='lat' dir='ltr'><strong>V,</strong></span> <span class='ocrx_word' id='word_1_87' title='bbox 1079 1113 1144 1163; x_wconf 94' lang='grc'><strong>521.</strong></span> <span class='ocrx_word' id='word_1_88' title='bbox 1179 1108 1383 1163; x_wconf 79' lang='lat' dir='ltr'><strong>adnotavimus.</strong></span> 
     </span>
    </p>

    <p class='ocr_par' dir='ltr' id='par_1_5' title="bbox 141 1175 1383 2534">
     <span class='ocr_line' id='line_1_10' title="bbox 221 1175 1383 1300; baseline -0.003 -69"><span class='ocrx_word' id='word_1_89' title='bbox 221 1176 315 1232; x_wconf 83' lang='lat' dir='ltr'><strong>bbock.</strong></span> <span class='ocrx_word' id='word_1_90' title='bbox 345 1193 375 1232; x_wconf 84' lang='lat' dir='ltr'><strong>ex</strong></span> <span class='ocrx_word' id='word_1_91' title='bbox 395 1178 519 1257; x_wconf 69' lang='lat' dir='ltr'><strong>plurimis</strong></span> <span class='ocrx_word' id='word_1_92' title='bbox 534 1192 599 1232; x_wconf 89' lang='lat' dir='ltr'><strong>sane</strong></span> <span class='ocrx_word' id='word_1_93' title='bbox 615 1176 699 1233; x_wconf 81' lang='lat' dir='ltr'><strong>Oodd.</strong></span> <span class='ocrx_word' id='word_1_94' title='bbox 719 1177 829 1300; x_wconf 58' lang='lat' dir='ltr'><strong>grogn.</strong></span> <span class='ocrx_word' id='word_1_95' title='bbox 847 1177 921 1241; x_wconf 73' lang='lat' dir='ltr'><strong>Vct„</strong></span> <span class='ocrx_word' id='word_1_96' title='bbox 949 1177 1030 1240; x_wconf 66' lang='lat' dir='ltr'><strong>Med„</strong></span> <span class='ocrx_word' id='word_1_97' title='bbox 1062 1176 1139 1239; x_wconf 74' lang='lat' dir='ltr'><strong>Pan,</strong></span> <span class='ocrx_word' id='word_1_98' title='bbox 1175 1176 1276 1239; x_wconf 62' lang='lat' dir='ltr'><strong>Rom„</strong></span> <span class='ocrx_word' id='word_1_99' title='bbox 1309 1175 1383 1254; x_wconf 77' lang='lat' dir='ltr'><strong>Gnd,</strong></span> 
     </span>
     <span class='ocr_line' id='line_1_11' title="bbox 187 1243 1383 1394; baseline -0.004 -26.004"><span class='ocrx_word' id='word_1_100' title='bbox 186 1243 1383 1394; x_wconf 65' lang='grc'><strong>9999595555515..99155.9.15155191555</strong></span> 
     </span>
     <span class='ocr_line' id='line_1_12' title="bbox 187 1379 1381 1461; baseline -0.003 -27"><span class='ocrx_word' id='word_1_101' title='bbox 187 1382 274 1434; x_wconf 88' lang='lat' dir='ltr'><strong>metro</strong></span> <span class='ocrx_word' id='word_1_102' title='bbox 306 1380 460 1435; x_wconf 88' lang='lat' dir='ltr'><strong>solhcrtudo</strong></span> <span class='ocrx_word' id='word_1_103' title='bbox 487 1379 563 1434; x_wconf 81' lang='lat' dir='ltr'><strong>illam</strong></span> <span class='ocrx_word' id='word_1_104' title='bbox 591 1380 733 1436; x_wconf 77' lang='lat' dir='ltr'><strong>lectionem</strong></span> <span class='ocrx_word' id='word_1_105' title='bbox 757 1397 918 1461; x_wconf 76' lang='lat' dir='ltr'><strong>provocasse</strong></span> <span class='ocrx_word' id='word_1_106' title='bbox 948 1380 1074 1434; x_wconf 78' lang='lat' dir='ltr'><strong>udeatur</strong></span> <span class='ocrx_word' id='word_1_107' title='bbox 1102 1380 1154 1439; x_wconf 83' lang='lat' dir='ltr'><strong>(cf.</strong></span> <span class='ocrx_word' id='word_1_108' title='bbox 1175 1379 1295 1434; x_wconf 88' lang='lat' dir='ltr'><strong>adnott.</strong></span> <span class='ocrx_word' id='word_1_109' title='bbox 1314 1379 1381 1442; x_wconf 86' lang='lat' dir='ltr'><strong>adl,</strong></span> 
     </span>
     <span class='ocr_line' id='line_1_13' title="bbox 188 1447 1380 1518; baseline -0.002 -17"><span class='ocrx_word' id='word_1_110' title='bbox 188 1450 268 1513; x_wconf 82' lang='lat'><strong>668.),</strong></span> <span class='ocrx_word' id='word_1_111' title='bbox 294 1464 362 1517; x_wconf 88' lang='lat' dir='ltr'><strong>quae</strong></span> <span class='ocrx_word' id='word_1_112' title='bbox 390 1447 548 1502; x_wconf 82' lang='lat' dir='ltr'>adversetur</span> <span class='ocrx_word' id='word_1_113' title='bbox 572 1450 632 1503; x_wconf 85' lang='lat' dir='ltr'><strong>usui</strong></span> <span class='ocrx_word' id='word_1_114' title='bbox 651 1448 773 1518; x_wconf 81' lang='lat' dir='ltr'><strong>Vergilii,</strong></span> <span class='ocrx_word' id='word_1_115' title='bbox 794 1448 918 1518; x_wconf 84' lang='lat' dir='ltr'><strong>copulam</strong></span> <span class='ocrx_word' id='word_1_116' title='bbox 936 1465 988 1518; x_wconf 79' lang='lat' dir='ltr'><strong>que</strong></span> <span class='ocrx_word' id='word_1_117' title='bbox 1006 1463 1057 1500; x_wconf 87' lang='lat' dir='ltr'><strong>nus</strong></span> <span class='ocrx_word' id='word_1_118' title='bbox 1077 1463 1147 1501; x_wconf 78' lang='lat' dir='ltr'><strong>uam</strong></span> <span class='ocrx_word' id='word_1_119' title='bbox 1169 1447 1259 1501; x_wconf 88' lang='lat' dir='ltr'><strong>alteri</strong></span> <span class='ocrx_word' id='word_1_120' title='bbox 1278 1452 1380 1501; x_wconf 84' lang='lat' dir='ltr'><strong>senten·</strong></span> 
     </span>
     <span class='ocr_line' id='line_1_14' title="bbox 188 1464 1379 1596; baseline -0.003 -26"><span class='ocrx_word' id='word_1_121' title='bbox 188 1516 248 1596; x_wconf 42' lang='lat' dir='ltr'><strong>tiae.</strong></span> <span class='ocrx_word' id='word_1_122' title='bbox 266 1515 396 1595; x_wconf 80' lang='lat' dir='ltr'><strong>vocabulo</strong></span> <span class='ocrx_word' id='word_1_123' title='bbox 414 1514 595 1584; x_wconf 79' lang='lat' dir='ltr'><strong>adiungentis.</strong></span> <span class='ocrx_word' id='word_1_124' title='bbox 629 1517 724 1584; x_wconf 82' lang='lat' dir='ltr'><strong>Wagn.</strong></span> <span class='ocrx_word' id='word_1_125' title='bbox 743 1516 778 1572; x_wconf 90' lang='lat' dir='ltr'><strong>ad</strong></span> <span class='ocrx_word' id='word_1_126' title='bbox 796 1516 854 1596; x_wconf 35' lang='lat' dir='ltr'><strong>Qu..</strong></span> <span class='ocrx_word' id='word_1_127' title='bbox 868 1516 949 1585; x_wconf 87' lang='lat' dir='ltr'><strong>Verg.</strong></span> <span class='ocrx_word' id='word_1_128' title='bbox 966 1516 1029 1582; x_wconf 88' lang='lat' dir='ltr'>XII,</span> <span class='ocrx_word' id='word_1_129' title='bbox 1051 1464 1091 1567; x_wconf 63' lang='grc'><strong>11.</strong></span> <span class='ocrx_word' id='word_1_130' title='bbox 1110 1532 1140 1584; x_wconf 90' lang='lat' dir='ltr'><strong>p.</strong></span> <span class='ocrx_word' id='word_1_131' title='bbox 1164 1519 1230 1594; x_wconf 74' lang='grc'><strong>533.</strong></span> <span class='ocrx_word' id='word_1_132' title='bbox 1252 1515 1283 1568; x_wconf 92' lang='lat' dir='ltr'><strong>in</strong></span> <span class='ocrx_word' id='word_1_133' title='bbox 1305 1515 1379 1567; x_wconf 84' lang='lat' dir='ltr'><strong>Codd</strong></span> 
     </span>
     <span class='ocr_line' id='line_1_15' title="bbox 187 1584 1378 1673; baseline -0.002 -36"><span class='ocrx_word' id='word_1_134' title='bbox 187 1585 300 1638; x_wconf 81' lang='lat' dir='ltr'><strong>lectione</strong></span> <span class='ocrx_word' id='word_1_135' title='bbox 328 1585 491 1653; x_wconf 81' lang='lat' dir='ltr'><strong>scripturam</strong></span> <span class='ocrx_word' id='word_1_136' title='bbox 520 1601 636 1665; x_wconf 71' lang='lat' dir='ltr'><strong>superne</strong></span> <span class='ocrx_word' id='word_1_137' title='bbox 664 1585 749 1640; x_wconf 83' lang='lat' dir='ltr'><strong>latere</strong></span> <span class='ocrx_word' id='word_1_138' title='bbox 775 1587 943 1673; x_wconf 46' lang='lat' dir='ltr'><strong>’suspicatus</strong></span> <span class='ocrx_word' id='word_1_139' title='bbox 972 1613 1006 1622; x_wconf 90' lang='lat'><em>-</em></span> <span class='ocrx_word' id='word_1_140' title='bbox 1030 1600 1069 1636; x_wconf 82' lang='lat' dir='ltr'><strong>su</strong></span> <span class='ocrx_word' id='word_1_141' title='bbox 1102 1600 1163 1666; x_wconf 40' lang='lat' dir='ltr'><strong>er„—</strong></span> <span class='ocrx_word' id='word_1_142' title='bbox 1177 1584 1378 1663; x_wconf 68' lang='lat' dir='ltr'><strong>confundens</strong></span> 
     </span>
     <span class='ocr_line' id='line_1_16' title="bbox 188 1651 1379 1799; baseline 0 -28"><span class='ocrx_word' id='word_1_143' title='bbox 188 1651 283 1799; x_wconf 59' lang='lat' dir='ltr'><strong>lte·</strong></span> <span class='ocrx_word' id='word_1_144' title='bbox 302 1651 976 1799; x_wconf 55' lang='grc' dir='ltr'><strong>1925598825132.ἷέ,1329291</strong></span> <span class='ocrx_word' id='word_1_145' title='bbox 1007 1651 1379 1796; x_wconf 62' lang='grc'><strong>8189871899</strong></span> 
     </span>
     <span class='ocr_line' id='line_1_17' title="bbox 141 1785 1375 1866; baseline -0.003 -26"><span class='ocrx_word' id='word_1_146' title='bbox 141 1801 145 1811; x_wconf 91' lang='lat'><em>·</em></span> <span class='ocrx_word' id='word_1_147' title='bbox 217 1802 284 1840; x_wconf 85' lang='lat' dir='ltr'><strong>ems.</strong></span> <span class='ocrx_word' id='word_1_148' title='bbox 303 1788 436 1865; x_wconf 76' lang='lat' dir='ltr'><strong>revocata.</strong></span> <span class='ocrx_word' id='word_1_149' title='bbox 470 1786 559 1856; x_wconf 84' lang='lat' dir='ltr'>Vulgo</span> <span class='ocrx_word' id='word_1_150' title='bbox 579 1789 706 1854; x_wconf 77' lang='lat' dir='ltr'><strong>fundens,</strong></span> <span class='ocrx_word' id='word_1_151' title='bbox 731 1787 802 1858; x_wconf 90' lang='lat' dir='ltr'><strong>quod</strong></span> <span class='ocrx_word' id='word_1_152' title='bbox 820 1790 847 1855; x_wconf 87' lang='lat' dir='ltr'><strong>(a</strong></span> <span class='ocrx_word' id='word_1_153' title='bbox 865 1788 960 1841; x_wconf 80' lang='lat' dir='ltr'><strong>ceteris</strong></span> <span class='ocrx_word' id='word_1_154' title='bbox 978 1785 1064 1840; x_wconf 83' lang='lat' dir='ltr'><strong>Codd.</strong></span> <span class='ocrx_word' id='word_1_155' title='bbox 1083 1788 1204 1866; x_wconf 69' lang='lat' dir='ltr'><strong>tantnni</strong></span> <span class='ocrx_word' id='word_1_156' title='bbox 1223 1802 1283 1839; x_wconf 92' lang='lat' dir='ltr'><strong>non</strong></span> <span class='ocrx_word' id='word_1_157' title='bbox 1302 1802 1375 1840; x_wconf 80' lang='lat' dir='ltr'><strong>omui-</strong></span> 
     </span>
     <span class='ocr_line' id='line_1_18' title="bbox 188 1853 1373 1924; baseline -0.003 -15"><span class='ocrx_word' id='word_1_158' title='bbox 188 1855 247 1917; x_wconf 87' lang='lat' dir='ltr'><strong>bus,</strong></span> <span class='ocrx_word' id='word_1_159' title='bbox 277 1855 360 1908; x_wconf 86' lang='lat' dir='ltr'><strong>otram</strong></span> <span class='ocrx_word' id='word_1_160' title='bbox 377 1853 476 1924; x_wconf 81' lang='lat' dir='ltr'><strong>fragm.</strong></span> <span class='ocrx_word' id='word_1_161' title='bbox 494 1855 566 1919; x_wconf 81' lang='lat' dir='ltr'><strong>Vct,</strong></span> <span class='ocrx_word' id='word_1_162' title='bbox 585 1856 653 1919; x_wconf 81' lang='lat' dir='ltr'><strong>Pal,</strong></span> <span class='ocrx_word' id='word_1_163' title='bbox 680 1855 767 1916; x_wconf 65' lang='lat' dir='ltr'><strong>Rom„</strong></span> <span class='ocrx_word' id='word_1_164' title='bbox 785 1854 865 1922; x_wconf 77' lang='lat' dir='ltr'><strong>Gud,</strong></span> <span class='ocrx_word' id='word_1_165' title='bbox 883 1855 964 1909; x_wconf 86' lang='lat' dir='ltr'><strong>Bern.</strong></span> <span class='ocrx_word' id='word_1_166' title='bbox 982 1854 1018 1908; x_wconf 91' lang='grc' dir='ltr'><strong>Π.</strong></span> <span class='ocrx_word' id='word_1_167' title='bbox 1036 1853 1089 1908; x_wconf 89' lang='grc' dir='ltr'><strong>ΙΠ.</strong></span> <span class='ocrx_word' id='word_1_168' title='bbox 1107 1857 1141 1908; x_wconf 88' lang='lat' dir='ltr'><strong>et</strong></span> <span class='ocrx_word' id='word_1_169' title='bbox 1160 1855 1373 1924; x_wconf 84' lang='lat' dir='ltr'><strong>Mmoraug.e1·</strong></span> 
     </span>
     <span class='ocr_line' id='line_1_19' title="bbox 189 1920 1371 2004; baseline -0.002 -29"><span class='ocrx_word' id='word_1_170' title='bbox 189 1921 317 1989; x_wconf 85' lang='lat' dir='ltr'><strong>hibitum)</strong></span> <span class='ocrx_word' id='word_1_171' title='bbox 335 1920 416 1975; x_wconf 87' lang='lat' dir='ltr'><strong>Jahn.</strong></span> <span class='ocrx_word' id='word_1_172' title='bbox 445 1922 577 2002; x_wconf 75' lang='lat' dir='ltr'><strong>restituit,</strong></span> <span class='ocrx_word' id='word_1_173' title='bbox 604 1925 665 2004; x_wconf 41' lang='lat' dir='ltr'><strong>iure·</strong></span> <span class='ocrx_word' id='word_1_174' title='bbox 680 1922 1016 2003; x_wconf 25' lang='lat' dir='ltr'><strong>proptereaoreprehensus</strong></span> <span class='ocrx_word' id='word_1_175' title='bbox 1033 1938 1051 1976; x_wconf 88' lang='lat' dir='ltr'><strong>a</strong></span> <span class='ocrx_word' id='word_1_176' title='bbox 1069 1921 1198 2002; x_wconf 50' lang='lat' dir='ltr'><strong>Wagn,</strong></span> <span class='ocrx_word' id='word_1_177' title='bbox 1220 1922 1272 1992; x_wconf 90' lang='lat' dir='ltr'><strong>qui</strong></span> <span class='ocrx_word' id='word_1_178' title='bbox 1291 1936 1371 1990; x_wconf 75' lang='lat' dir='ltr'><strong>proso</strong></span> 
     </span>
     <span class='ocr_line' id='line_1_20' title="bbox 189 1989 1372 2138; baseline 0 -27"><span class='ocrx_word' id='word_1_179' title='bbox 189 1989 547 2112; x_wconf 56' lang='lat' dir='ltr'><strong>tttlsfflsltulsll</strong></span> <span class='ocrx_word' id='word_1_180' title='bbox 557 1989 1372 2138; x_wconf 45' lang='grc' dir='ltr'><strong>131111111111111111512153Ἡὲΐρθὲ..518</strong></span> 
     </span>
     <span class='ocr_line' id='line_1_21' title="bbox 189 2074 1370 2205; baseline -0.001 -27"><span class='ocrx_word' id='word_1_181' title='bbox 189 2142 272 2180; x_wconf 79' lang='lat' dir='ltr'><strong>moro.</strong></span> <span class='ocrx_word' id='word_1_182' title='bbox 309 2124 522 2203; x_wconf 47' lang='lat' dir='ltr'><strong>»superfundere</strong></span> <span class='ocrx_word' id='word_1_183' title='bbox 541 2129 641 2187; x_wconf 84' lang='lat' dir='ltr'><strong>autern,</strong></span> <span class='ocrx_word' id='word_1_184' title='bbox 667 2125 737 2195; x_wconf 89' lang='lat' dir='ltr'><strong>quod</strong></span> <span class='ocrx_word' id='word_1_185' title='bbox 755 2074 965 2205; x_wconf 46' lang='lat' dir='ltr'><strong>significastis</strong></span> <span class='ocrx_word' id='word_1_186' title='bbox 982 2124 1103 2186; x_wconf 85' lang='lat' dir='ltr'><strong>sundere,</strong></span> <span class='ocrx_word' id='word_1_187' title='bbox 1126 2127 1163 2178; x_wconf 92' lang='lat' dir='ltr'><strong>ut</strong></span> <span class='ocrx_word' id='word_1_188' title='bbox 1184 2127 1250 2180; x_wconf 86' lang='lat' dir='ltr'><strong>tota</strong></span> <span class='ocrx_word' id='word_1_189' title='bbox 1268 2142 1310 2179; x_wconf 77' lang='lat' dir='ltr'><strong>res</strong></span> <span class='ocrx_word' id='word_1_190' title='bbox 1326 2141 1370 2177; x_wconf 70' lang='lat' dir='ltr'><strong>na</strong></span> 
     </span>
     <span class='ocr_line' id='line_1_22' title="bbox 190 2190 1370 2262; baseline -0.002 -16"><span class='ocrx_word' id='word_1_191' title='bbox 190 2193 284 2258; x_wconf 85' lang='lat' dir='ltr'><strong>deat,“</strong></span> <span class='ocrx_word' id='word_1_192' title='bbox 307 2190 350 2245; x_wconf 89' lang='lat' dir='ltr'><strong>hrc</strong></span> <span class='ocrx_word' id='word_1_193' title='bbox 369 2208 459 2245; x_wconf 86' lang='lat' dir='ltr'><strong>mmus</strong></span> <span class='ocrx_word' id='word_1_194' title='bbox 476 2194 570 2261; x_wconf 87' lang='lat' dir='ltr'><strong>aptum</strong></span> <span class='ocrx_word' id='word_1_195' title='bbox 590 2209 648 2247; x_wconf 88' lang='lat' dir='ltr'><strong>esse</strong></span> <span class='ocrx_word' id='word_1_196' title='bbox 665 2196 764 2247; x_wconf 89' lang='lat' dir='ltr'><strong>censet.</strong></span> <span class='ocrx_word' id='word_1_197' title='bbox 800 2192 840 2250; x_wconf 82' lang='lat' dir='ltr'><strong>cf.</strong></span> <span class='ocrx_word' id='word_1_198' title='bbox 860 2195 942 2247; x_wconf 82' lang='lat' dir='ltr'><strong>etiam</strong></span> <span class='ocrx_word' id='word_1_199' title='bbox 959 2208 1041 2262; x_wconf 85' lang='lat' dir='ltr'><strong>supra</strong></span> <span class='ocrx_word' id='word_1_200' title='bbox 1058 2192 1107 2255; x_wconf 89' lang='lat' dir='ltr'><strong>IV,</strong></span> <span class='ocrx_word' id='word_1_201' title='bbox 1134 2196 1193 2246; x_wconf 86' lang='grc'><strong>129.</strong></span> <span class='ocrx_word' id='word_1_202' title='bbox 1234 2194 1280 2259; x_wconf 77' lang='lat' dir='ltr'><strong>(In</strong></span> <span class='ocrx_word' id='word_1_203' title='bbox 1297 2193 1370 2247; x_wconf 80' lang='lat' dir='ltr'><strong>altera</strong></span> 
     </span>
     <span class='ocr_line' id='line_1_23' title="bbox 190 2257 1365 2338; baseline 0.001 -26"><span class='ocrx_word' id='word_1_204' title='bbox 190 2259 255 2313; x_wconf 90' lang='lat' dir='ltr'><strong>edit.</strong></span> <span class='ocrx_word' id='word_1_205' title='bbox 275 2258 351 2338; x_wconf 79' lang='lat' dir='ltr'><strong>lehn.</strong></span> <span class='ocrx_word' id='word_1_206' title='bbox 373 2257 438 2312; x_wconf 89' lang='lat' dir='ltr'><strong>Cod.</strong></span> <span class='ocrx_word' id='word_1_207' title='bbox 456 2259 528 2314; x_wconf 86' lang='lat' dir='ltr'><strong>Med.</strong></span> <span class='ocrx_word' id='word_1_208' title='bbox 557 2260 697 2315; x_wconf 87' lang='lat' dir='ltr'><strong>lectionem</strong></span> <span class='ocrx_word' id='word_1_209' title='bbox 725 2262 808 2316; x_wconf 90' lang='lat' dir='ltr'><strong>tacite</strong></span> <span class='ocrx_word' id='word_1_210' title='bbox 837 2260 980 2322; x_wconf 80' lang='lat' dir='ltr'><strong>revocavit,</strong></span> <span class='ocrx_word' id='word_1_211' title='bbox 1007 2277 1089 2331; x_wconf 87' lang='lat' dir='ltr'><strong>quum</strong></span> <span class='ocrx_word' id='word_1_212' title='bbox 1115 2263 1219 2314; x_wconf 86' lang='lat' dir='ltr'><strong>tamon</strong></span> <span class='ocrx_word' id='word_1_213' title='bbox 1253 2259 1365 2315; x_wconf 76' lang='lat' dir='ltr'><strong>Ribbeck</strong></span> 
     </span>
     <span class='ocr_line' id='line_1_24' title="bbox 190 2325 1366 2397; baseline 0 -17"><span class='ocrx_word' id='word_1_214' title='bbox 190 2329 219 2380; x_wconf 92' lang='lat' dir='ltr'><strong>et</strong></span> <span class='ocrx_word' id='word_1_215' title='bbox 230 2325 313 2379; x_wconf 77' lang='lat' dir='ltr'><strong>Conon</strong></span> <span class='ocrx_word' id='word_1_216' title='bbox 363 2342 380 2378; x_wconf 93' lang='lat' dir='ltr'><strong>n</strong></span> <span class='ocrx_word' id='word_1_217' title='bbox 393 2341 486 2380; x_wconf 86' lang='lat' dir='ltr'><strong>rursus</strong></span> <span class='ocrx_word' id='word_1_218' title='bbox 498 2326 693 2394; x_wconf 82' lang='lat' dir='ltr'><strong>deseruemnt.)</strong></span> <span class='ocrx_word' id='word_1_219' title='bbox 706 2328 833 2383; x_wconf 83' lang='lat' dir='ltr'><strong>Ceterum</strong></span> <span class='ocrx_word' id='word_1_220' title='bbox 844 2328 970 2383; x_wconf 83' lang='lat' dir='ltr'>Ribbeck.</span> <span class='ocrx_word' id='word_1_221' title='bbox 981 2331 1090 2397; x_wconf 84' lang='lat' dir='ltr'><strong>po&#39;c&#39;tam</strong></span> <span class='ocrx_word' id='word_1_222' title='bbox 1101 2331 1172 2396; x_wconf 88' lang='lat' dir='ltr'><strong>post</strong></span> <span class='ocrx_word' id='word_1_223' title='bbox 1184 2329 1264 2383; x_wconf 88' lang='lat' dir='ltr'><strong>hunc</strong></span> <span class='ocrx_word' id='word_1_224' title='bbox 1276 2344 1366 2383; x_wconf 78' lang='lat' dir='ltr'><strong>versun</strong></span> 
     </span>
     <span class='ocr_line' id='line_1_25' title="bbox 190 2393 1367 2475; baseline 0.003 -29"><span class='ocrx_word' id='word_1_225' title='bbox 190 2408 273 2472; x_wconf 79' lang='lat' dir='ltr'><strong>nnnrn</strong></span> <span class='ocrx_word' id='word_1_226' title='bbox 291 2409 322 2448; x_wconf 79' lang='lat' dir='ltr'><strong>ve</strong></span> <span class='ocrx_word' id='word_1_227' title='bbox 352 2393 443 2462; x_wconf 87' lang='lat' dir='ltr'><strong>plures</strong></span> <span class='ocrx_word' id='word_1_228' title='bbox 460 2410 552 2450; x_wconf 86' lang='lat' dir='ltr'><strong>versus</strong></span> <span class='ocrx_word' id='word_1_229' title='bbox 572 2396 729 2451; x_wconf 90' lang='lat' dir='ltr'><strong>additurum</strong></span> <span class='ocrx_word' id='word_1_230' title='bbox 748 2396 830 2451; x_wconf 83' lang='lat' dir='ltr'><strong>fuisse</strong></span> <span class='ocrx_word' id='word_1_231' title='bbox 849 2399 948 2451; x_wconf 90' lang='lat' dir='ltr'><strong>censet.</strong></span> <span class='ocrx_word' id='word_1_232' title='bbox 963 2428 995 2436; x_wconf 94' lang='lat'>-</span> <span class='ocrx_word' id='word_1_233' title='bbox 1010 2393 1077 2457; x_wconf 77' lang='grc'><strong>255.</strong></span> <span class='ocrx_word' id='word_1_234' title='bbox 1097 2395 1250 2466; x_wconf 81' lang='lat' dir='ltr'>„Tempus</span> <span class='ocrx_word' id='word_1_235' title='bbox 1270 2396 1367 2475; x_wconf 65' lang='lat' dir='ltr'><strong>scoot</strong></span> 
     </span>
     <span class='ocr_line' id='line_1_26' title="bbox 191 2460 1367 2534; baseline 0 -20"><span class='ocrx_word' id='word_1_236' title='bbox 191 2460 329 2514; x_wconf 80' lang='lat' dir='ltr'><strong>medians</strong></span> <span class='ocrx_word' id='word_1_237' title='bbox 348 2477 381 2516; x_wconf 89' lang='lat' dir='ltr'><strong>ue</strong></span> <span class='ocrx_word' id='word_1_238' title='bbox 401 2461 436 2516; x_wconf 86' lang='lat' dir='ltr'><strong>ad</strong></span> <span class='ocrx_word' id='word_1_239' title='bbox 453 2464 559 2517; x_wconf 88' lang='lat' dir='ltr'><strong>noctem</strong></span> <span class='ocrx_word' id='word_1_240' title='bbox 579 2467 726 2518; x_wconf 79' lang='lat' dir='ltr'><strong>extremam</strong></span> <span class='ocrx_word' id='word_1_241' title='bbox 744 2464 952 2534; x_wconf 82' lang='lat' dir='ltr'><strong>intelligendum</strong></span> <span class='ocrx_word' id='word_1_242' title='bbox 970 2480 1037 2527; x_wconf 88' lang='lat' dir='ltr'><strong>esse,</strong></span> <span class='ocrx_word' id='word_1_243' title='bbox 1056 2464 1085 2518; x_wconf 89' lang='lat' dir='ltr'><strong>et</strong></span> <span class='ocrx_word' id='word_1_244' title='bbox 1102 2480 1150 2518; x_wconf 87' lang='lat' dir='ltr'><strong>res</strong></span> <span class='ocrx_word' id='word_1_245' title='bbox 1170 2467 1200 2518; x_wconf 89' lang='lat' dir='ltr'><strong>et</strong></span> <span class='ocrx_word' id='word_1_246' title='bbox 1215 2465 1290 2519; x_wconf 88' lang='lat' dir='ltr'><strong>sacri</strong></span> <span class='ocrx_word' id='word_1_247' title='bbox 1301 2465 1367 2517; x_wconf 81' lang='lat' dir='ltr'><strong>huns</strong></span> 
     </span>
    </p>
   </div>
   <div class='ocr_carea' id='block_1_4' title="bbox 190 2476 1366 2922">
    <p class='ocr_par' dir='ltr' id='par_1_6' title="bbox 190 2476 1366 2922">
     <span class='ocr_line' id='line_1_27' title="bbox 190 2476 1364 2610; baseline -0.002 -28"><span class='ocrx_word' id='word_1_248' title='bbox 190 2476 357 2608; x_wconf 26' lang='lat' dir='ltr'><strong>mostdoced.</strong></span> <span class='ocrx_word' id='word_1_249' title='bbox 393 2528 454 2583; x_wconf 86' lang='lat' dir='ltr'><strong>Vid.</strong></span> <span class='ocrx_word' id='word_1_250' title='bbox 474 2530 555 2585; x_wconf 79' lang='lat' dir='ltr'>Silius</span> <span class='ocrx_word' id='word_1_251' title='bbox 573 2531 648 2600; x_wconf 87' lang='lat' dir='ltr'>XIII,</span> <span class='ocrx_word' id='word_1_252' title='bbox 675 2536 734 2585; x_wconf 85' lang='grc'><strong>195.</strong></span> <span class='ocrx_word' id='word_1_253' title='bbox 757 2536 896 2586; x_wconf 77' lang='grc'><strong>113119.</strong></span> <span class='ocrx_word' id='word_1_254' title='bbox 927 2531 1048 2610; x_wconf 75' lang='lat' dir='ltr'><strong>Apellen.</strong></span> <span class='ocrx_word' id='word_1_255' title='bbox 1069 2530 1122 2610; x_wconf 82' lang='grc' dir='ltr'>ΙΙΙ,</span> <span class='ocrx_word' id='word_1_256' title='bbox 1152 2535 1364 2607; x_wconf 60' lang='grc'><strong>1928119955.</strong></span> 
     </span>
     <span class='ocr_line' id='line_1_28' title="bbox 190 2595 1366 2669; baseline 0 -19"><span class='ocrx_word' id='word_1_257' title='bbox 190 2595 232 2650; x_wconf 80' lang='lat' dir='ltr'><strong>ef.</strong></span> <span class='ocrx_word' id='word_1_258' title='bbox 252 2596 323 2651; x_wconf 81' lang='lat' dir='ltr'><strong>infra</strong></span> <span class='ocrx_word' id='word_1_259' title='bbox 340 2595 375 2651; x_wconf 91' lang='lat' dir='ltr'><strong>ad</strong></span> <span class='ocrx_word' id='word_1_260' title='bbox 392 2613 417 2650; x_wconf 87' lang='lat' dir='ltr'><strong>v.</strong></span> <span class='ocrx_word' id='word_1_261' title='bbox 436 2601 513 2652; x_wconf 81' lang='grc'><strong>535.“</strong></span> <span class='ocrx_word' id='word_1_262' title='bbox 551 2599 584 2651; x_wconf 91' lang='lat' dir='ltr'><em>H</em></span> <span class='ocrx_word' id='word_1_263' title='bbox 634 2641 640 2654; x_wconf 89' lang='lat'><em>.</em></span> <span class='ocrx_word' id='word_1_264' title='bbox 674 2598 748 2664; x_wconf 75' lang='lat' dir='ltr'><strong>Quae</strong></span> <span class='ocrx_word' id='word_1_265' title='bbox 766 2602 924 2669; x_wconf 89' lang='lat' dir='ltr'><strong>sequuntur,</strong></span> <span class='ocrx_word' id='word_1_266' title='bbox 950 2598 1018 2652; x_wconf 79' lang='lat' dir='ltr'><strong>nihil</strong></span> <span class='ocrx_word' id='word_1_267' title='bbox 1040 2597 1116 2652; x_wconf 85' lang='lat' dir='ltr'><strong>ahud</strong></span> <span class='ocrx_word' id='word_1_268' title='bbox 1141 2599 1280 2655; x_wconf 86' lang='lat' dir='ltr'><strong>videntur</strong></span> <span class='ocrx_word' id='word_1_269' title='bbox 1296 2601 1366 2667; x_wconf 80' lang='lat' dir='ltr'><strong>signi·</strong></span> 
     </span>
     <span class='ocr_line' id='line_1_29' title="bbox 191 2664 1364 2736; baseline 0.003 -20"><span class='ocrx_word' id='word_1_270' title='bbox 191 2664 280 2728; x_wconf 88' lang='lat' dir='ltr'><strong>ficare,</strong></span> <span class='ocrx_word' id='word_1_271' title='bbox 308 2679 389 2732; x_wconf 83' lang='lat' dir='ltr'><strong>quum</strong></span> <span class='ocrx_word' id='word_1_272' title='bbox 416 2681 491 2719; x_wconf 85' lang='lat' dir='ltr'><strong>sacro</strong></span> <span class='ocrx_word' id='word_1_273' title='bbox 517 2666 594 2736; x_wconf 86' lang='lat' dir='ltr'><strong>placa</strong></span> <span class='ocrx_word' id='word_1_274' title='bbox 625 2683 652 2720; x_wconf 92' lang='lat' dir='ltr'>m</span> <span class='ocrx_word' id='word_1_275' title='bbox 671 2683 729 2720; x_wconf 87' lang='lat' dir='ltr'><strong>esse</strong></span> <span class='ocrx_word' id='word_1_276' title='bbox 746 2667 875 2731; x_wconf 78' lang='lat' dir='ltr'><strong>Hecaten,</strong></span> <span class='ocrx_word' id='word_1_277' title='bbox 903 2668 931 2721; x_wconf 91' lang='lat' dir='ltr'><strong>et</strong></span> <span class='ocrx_word' id='word_1_278' title='bbox 947 2667 1065 2721; x_wconf 80' lang='lat' dir='ltr'><strong>Aeneam</strong></span> <span class='ocrx_word' id='word_1_279' title='bbox 1083 2665 1120 2719; x_wconf 89' lang='lat' dir='ltr'><strong>ad</strong></span> <span class='ocrx_word' id='word_1_280' title='bbox 1139 2667 1205 2722; x_wconf 90' lang='lat' dir='ltr'><strong>loca</strong></span> <span class='ocrx_word' id='word_1_281' title='bbox 1224 2668 1312 2722; x_wconf 83' lang='lat' dir='ltr'><strong>iniera</strong></span> <span class='ocrx_word' id='word_1_282' title='bbox 1327 2665 1364 2719; x_wconf 84' lang='lat' dir='ltr'><strong>ad·</strong></span> 
     </span>
     <span class='ocr_line' id='line_1_30' title="bbox 190 2728 1364 2811; baseline 0.001 -28"><span class='ocrx_word' id='word_1_283' title='bbox 190 2728 274 2784; x_wconf 88' lang='lat' dir='ltr'><strong>mitti.</strong></span> <span class='ocrx_word' id='word_1_284' title='bbox 294 2762 327 2771; x_wconf 88' lang='lat'><em>—</em></span> <span class='ocrx_word' id='word_1_285' title='bbox 342 2731 522 2811; x_wconf 62' lang='lat' dir='ltr'><strong>priminas</strong></span> <span class='ocrx_word' id='word_1_286' title='bbox 540 2734 772 2788; x_wconf 78' lang='lat' dir='ltr'><strong>luminasolo&#39;s</strong></span> <span class='ocrx_word' id='word_1_287' title='bbox 789 2743 821 2787; x_wconf 83' lang='lat' dir='ltr'><strong>ct</strong></span> <span class='ocrx_word' id='word_1_288' title='bbox 842 2742 946 2798; x_wconf 78' lang='lat' dir='ltr'><strong>ortas,</strong></span> <span class='ocrx_word' id='word_1_289' title='bbox 973 2733 1001 2786; x_wconf 68' lang='lat' dir='ltr'><strong>t»</strong></span> <span class='ocrx_word' id='word_1_290' title='bbox 1020 2734 1069 2786; x_wconf 76' lang='grc' dir='ltr'><strong>διὰ</strong></span> <span class='ocrx_word' id='word_1_291' title='bbox 1087 2734 1185 2789; x_wconf 76' lang='grc' dir='ltr'><strong>δυοῖν.</strong></span> <span class='ocrx_word' id='word_1_292' title='bbox 1227 2736 1300 2790; x_wconf 85' lang='lat' dir='ltr'><strong>Med.</strong></span> <span class='ocrx_word' id='word_1_293' title='bbox 1317 2749 1364 2788; x_wconf 85' lang='lat' dir='ltr'><strong>cun</strong></span> 
     </span>
     <span class='ocr_line' id='line_1_31' title="bbox 191 2797 1364 2922; baseline 0.004 -71"><span class='ocrx_word' id='word_1_294' title='bbox 191 2798 285 2868; x_wconf 84' lang='lat' dir='ltr'><strong>paucis</strong></span> <span class='ocrx_word' id='word_1_295' title='bbox 303 2797 364 2853; x_wconf 78' lang='lat' dir='ltr'><strong>aliis</strong></span> <span class='ocrx_word' id='word_1_296' title='bbox 381 2800 429 2853; x_wconf 83' lang='lat' dir='ltr'><strong>sub</strong></span> <span class='ocrx_word' id='word_1_297' title='bbox 453 2800 558 2864; x_wconf 77' lang='lat' dir='ltr'><strong>limina,</strong></span> <span class='ocrx_word' id='word_1_298' title='bbox 588 2801 658 2880; x_wconf 78' lang='lat' dir='ltr'><strong>quod</strong></span> <span class='ocrx_word' id='word_1_299' title='bbox 676 2802 915 2922; x_wconf 59' lang='lat' dir='ltr'><strong>glacuitfleinsio.</strong></span> <span class='ocrx_word' id='word_1_300' title='bbox 951 2801 1003 2857; x_wconf 86' lang='lat' dir='ltr'><strong>Sed</strong></span> <span class='ocrx_word' id='word_1_301' title='bbox 1021 2803 1094 2855; x_wconf 87' lang='lat' dir='ltr'><strong>recte</strong></span> <span class='ocrx_word' id='word_1_302' title='bbox 1114 2801 1232 2856; x_wconf 89' lang='lat' dir='ltr'><strong>Burm.:</strong></span> <span class='ocrx_word' id='word_1_303' title='bbox 1264 2803 1364 2868; x_wconf 70' lang='lat' dir='ltr'><strong>„Lisco</strong></span> 
     </span>
    </p>
   </div>
   <div class='ocr_carea' id='block_1_5' title="bbox 190 2865 1379 4697">
    <p class='ocr_par' dir='ltr' id='par_1_7' title="bbox 190 2865 1379 4697">
     <span class='ocr_line' id='line_1_32' title="bbox 190 2865 1364 2938; baseline 0.001 -18"><span class='ocrx_word' id='word_1_304' title='bbox 190 2865 261 2920; x_wconf 82' lang='lat' dir='ltr'><strong>solis</strong></span> <span class='ocrx_word' id='word_1_305' title='bbox 277 2867 343 2922; x_wconf 90' lang='lat' dir='ltr'><strong>bene</strong></span> <span class='ocrx_word' id='word_1_306' title='bbox 361 2867 469 2930; x_wconf 87' lang='lat' dir='ltr'><strong>dicitur,</strong></span> <span class='ocrx_word' id='word_1_307' title='bbox 488 2885 549 2922; x_wconf 90' lang='lat' dir='ltr'><strong>cum</strong></span> <span class='ocrx_word' id='word_1_308' title='bbox 567 2872 658 2938; x_wconf 80' lang='lat' dir='ltr'><strong>agitur</strong></span> <span class='ocrx_word' id='word_1_309' title='bbox 695 2886 709 2923; x_wconf 94' lang='lat' dir='ltr'><strong>e</strong></span> <span class='ocrx_word' id='word_1_310' title='bbox 727 2871 784 2923; x_wconf 89' lang='lat' dir='ltr'><strong>loco</strong></span> <span class='ocrx_word' id='word_1_311' title='bbox 801 2886 832 2923; x_wconf 90' lang='lat' dir='ltr'><strong>ac</strong></span> <span class='ocrx_word' id='word_1_312' title='bbox 849 2869 965 2938; x_wconf 83' lang='lat' dir='ltr'><strong>regione,</strong></span> <span class='ocrx_word' id='word_1_313' title='bbox 983 2867 1053 2922; x_wconf 87' lang='lat' dir='ltr'><strong>uude</strong></span> <span class='ocrx_word' id='word_1_314' title='bbox 1072 2867 1115 2921; x_wconf 84' lang='lat' dir='ltr'><strong>sol</strong></span> <span class='ocrx_word' id='word_1_315' title='bbox 1135 2870 1242 2934; x_wconf 89' lang='lat' dir='ltr'><strong>oritur;</strong></span> <span class='ocrx_word' id='word_1_316' title='bbox 1262 2869 1294 2925; x_wconf 86' lang='lat' dir='ltr'><strong>ds</strong></span> <span class='ocrx_word' id='word_1_317' title='bbox 1310 2874 1364 2922; x_wconf 74' lang='lat' dir='ltr'><strong>tam·</strong></span> 
     </span>
     <span class='ocr_line' id='line_1_33' title="bbox 192 2935 1365 3082; baseline 0.003 -28"><span class='ocrx_word' id='word_1_318' title='bbox 192 2935 691 3082; x_wconf 59' lang='grc'><strong>91551555295551</strong></span> <span class='ocrx_word' id='word_1_319' title='bbox 707 2935 1365 3060; x_wconf 53' lang='lat' dir='ltr'><strong>llussscelestus-cll:</strong></span> 
     </span>
     <span class='ocr_line' id='line_1_34' title="bbox 192 3021 1363 3141; baseline 0.006 -18"><span class='ocrx_word' id='word_1_320' title='bbox 192 3074 352 3124; x_wconf 80' lang='lat' dir='ltr'><strong>musetum</strong></span> <span class='ocrx_word' id='word_1_321' title='bbox 371 3071 432 3135; x_wconf 88' lang='lat' dir='ltr'><strong>VII,</strong></span> <span class='ocrx_word' id='word_1_322' title='bbox 462 3075 516 3127; x_wconf 85' lang='grc'><strong>130.</strong></span> <span class='ocrx_word' id='word_1_323' title='bbox 548 3071 623 3133; x_wconf 86' lang='lat' dir='ltr'>VIII,</span> <span class='ocrx_word' id='word_1_324' title='bbox 649 3074 689 3124; x_wconf 88' lang='grc'><strong>68.</strong></span> <span class='ocrx_word' id='word_1_325' title='bbox 710 3087 751 3141; x_wconf 86' lang='lat' dir='ltr'><strong>ap.</strong></span> <span class='ocrx_word' id='word_1_326' title='bbox 771 3071 850 3126; x_wconf 89' lang='lat' dir='ltr'><strong>Lucr.</strong></span> <span class='ocrx_word' id='word_1_327' title='bbox 868 3072 891 3134; x_wconf 91' lang='lat'><strong>1,</strong></span> <span class='ocrx_word' id='word_1_328' title='bbox 911 3077 935 3125; x_wconf 92' lang='grc'><strong>5.</strong></span> <span class='ocrx_word' id='word_1_329' title='bbox 954 3073 982 3126; x_wconf 87' lang='grc'><strong>51</strong></span> <span class='ocrx_word' id='word_1_330' title='bbox 1001 3069 1074 3124; x_wconf 88' lang='lat' dir='ltr'><strong>alibi.</strong></span> <span class='ocrx_word' id='word_1_331' title='bbox 1095 3102 1126 3109; x_wconf 89' lang='lat'>—</span> <span class='ocrx_word' id='word_1_332' title='bbox 1145 3073 1261 3141; x_wconf 75' lang='lat' dir='ltr'><strong>primi</strong></span> <span class='ocrx_word' id='word_1_333' title='bbox 1275 3021 1363 3130; x_wconf 54' lang='lat' dir='ltr'><strong>soleii.</strong></span> 
     </span>
     <span class='ocr_line' id='line_1_35' title="bbox 192 3137 1363 3209; baseline 0.001 -18"><span class='ocrx_word' id='word_1_334' title='bbox 192 3139 209 3194; x_wconf 91' lang='lat' dir='ltr'><strong>i.</strong></span> <span class='ocrx_word' id='word_1_335' title='bbox 230 3154 253 3192; x_wconf 88' lang='lat' dir='ltr'><strong>e.</strong></span> <span class='ocrx_word' id='word_1_336' title='bbox 272 3138 391 3192; x_wconf 90' lang='lat' dir='ltr'><strong>orientis.</strong></span> <span class='ocrx_word' id='word_1_337' title='bbox 429 3137 470 3192; x_wconf 79' lang='lat' dir='ltr'><strong>Of.</strong></span> <span class='ocrx_word' id='word_1_338' title='bbox 490 3155 512 3193; x_wconf 90' lang='lat' dir='ltr'><strong>e.</strong></span> <span class='ocrx_word' id='word_1_339' title='bbox 531 3156 556 3207; x_wconf 82' lang='lat' dir='ltr'><strong>g.</strong></span> <span class='ocrx_word' id='word_1_340' title='bbox 575 3138 651 3193; x_wconf 79' lang='lat' dir='ltr'><strong>Ovio.</strong></span> <span class='ocrx_word' id='word_1_341' title='bbox 670 3138 734 3193; x_wconf 83' lang='lat' dir='ltr'><strong>Met.</strong></span> <span class='ocrx_word' id='word_1_342' title='bbox 753 3138 800 3201; x_wconf 84' lang='lat' dir='ltr'><strong>lv,</strong></span> <span class='ocrx_word' id='word_1_343' title='bbox 824 3144 867 3193; x_wconf 88' lang='grc'><strong>93.</strong></span> <span class='ocrx_word' id='word_1_344' title='bbox 889 3140 980 3209; x_wconf 65' lang='lat' dir='ltr'><strong>primo</strong></span> <span class='ocrx_word' id='word_1_345' title='bbox 1004 3139 1120 3206; x_wconf 67' lang='lat' dir='ltr'><strong>feriente</strong></span> <span class='ocrx_word' id='word_1_346' title='bbox 1140 3142 1293 3194; x_wconf 76' lang='lat' dir='ltr'><strong>cacocmioa</strong></span> <span class='ocrx_word' id='word_1_347' title='bbox 1309 3139 1363 3193; x_wconf 70' lang='lat' dir='ltr'><strong>sole</strong></span> 
     </span>
     <span class='ocr_line' id='line_1_36' title="bbox 192 3205 1366 3328; baseline 0.003 -68"><span class='ocrx_word' id='word_1_348' title='bbox 192 3206 239 3261; x_wconf 91' lang='lat' dir='ltr'><strong>ubi</strong></span> <span class='ocrx_word' id='word_1_349' title='bbox 255 3205 338 3259; x_wconf 88' lang='lat' dir='ltr'><strong>Buch.</strong></span> <span class='ocrx_word' id='word_1_350' title='bbox 366 3205 470 3259; x_wconf 83' lang='lat' dir='ltr'><strong>confert</strong></span> <span class='ocrx_word' id='word_1_351' title='bbox 486 3206 586 3261; x_wconf 85' lang='lat' dir='ltr'><strong>Lucan.</strong></span> <span class='ocrx_word' id='word_1_352' title='bbox 604 3205 651 3272; x_wconf 86' lang='lat' dir='ltr'><strong>IV,</strong></span> <span class='ocrx_word' id='word_1_353' title='bbox 675 3209 715 3259; x_wconf 84' lang='lat'><strong>65.</strong></span> <span class='ocrx_word' id='word_1_354' title='bbox 735 3206 875 3276; x_wconf 69' lang='lat' dir='ltr'><strong>qsddquirl</strong></span> <span class='ocrx_word' id='word_1_355' title='bbox 891 3223 1061 3260; x_wconf 69' lang='lat' dir='ltr'><strong>concrescere</strong></span> <span class='ocrx_word' id='word_1_356' title='bbox 1077 3205 1193 3276; x_wconf 78' lang='lat' dir='ltr'><strong>primus</strong></span> <span class='ocrx_word' id='word_1_357' title='bbox 1211 3211 1259 3263; x_wconf 83' lang='lat' dir='ltr'><strong>sol</strong></span> <span class='ocrx_word' id='word_1_358' title='bbox 1270 3208 1366 3328; x_wconf 55' lang='lat' dir='ltr'><strong>futes!</strong></span> 
     </span>
     <span class='ocr_line' id='line_1_37' title="bbox 192 3273 1366 3354; baseline -0.003 -25"><span class='ocrx_word' id='word_1_359' title='bbox 192 3276 221 3329; x_wconf 89' lang='lat' dir='ltr'><strong>et</strong></span> <span class='ocrx_word' id='word_1_360' title='bbox 238 3289 328 3342; x_wconf 88' lang='lat' dir='ltr'><strong>oppos.</strong></span> <span class='ocrx_word' id='word_1_361' title='bbox 348 3291 380 3327; x_wconf 81' lang='lat' dir='ltr'><strong>eu</strong></span> <span class='ocrx_word' id='word_1_362' title='bbox 417 3288 474 3327; x_wconf 73' lang='lat' dir='ltr'><strong>erno</strong></span> <span class='ocrx_word' id='word_1_363' title='bbox 492 3275 550 3328; x_wconf 79' lang='lat' dir='ltr'><strong>sole</strong></span> <span class='ocrx_word' id='word_1_364' title='bbox 566 3289 609 3342; x_wconf 90' lang='lat' dir='ltr'><strong>ap.</strong></span> <span class='ocrx_word' id='word_1_365' title='bbox 629 3273 691 3328; x_wconf 85' lang='lat' dir='ltr'><strong>Hor.</strong></span> <span class='ocrx_word' id='word_1_366' title='bbox 703 3273 750 3354; x_wconf 81' lang='lat' dir='ltr'><strong>Ep.</strong></span> <span class='ocrx_word' id='word_1_367' title='bbox 763 3274 814 3336; x_wconf 90' lang='grc' dir='ltr'><strong>Ι,5</strong></span> <span class='ocrx_word' id='word_1_368' title='bbox 837 3277 861 3327; x_wconf 90' lang='grc'><strong>3.</strong></span> <span class='ocrx_word' id='word_1_369' title='bbox 880 3273 984 3327; x_wconf 76' lang='lat' dir='ltr'><strong>Peerllr.</strong></span> <span class='ocrx_word' id='word_1_370' title='bbox 1005 3276 1105 3336; x_wconf 85' lang='lat' dir='ltr'><strong>tamen,</strong></span> <span class='ocrx_word' id='word_1_371' title='bbox 1127 3274 1172 3327; x_wconf 88' lang='lat' dir='ltr'><strong>cui</strong></span> <span class='ocrx_word' id='word_1_372' title='bbox 1191 3293 1251 3329; x_wconf 87' lang='lat' dir='ltr'><strong>non</strong></span> <span class='ocrx_word' id='word_1_373' title='bbox 1281 3273 1366 3330; x_wconf 81' lang='lat' dir='ltr'><strong>ercnda</strong></span> 
     </span>
     <span class='ocr_line' id='line_1_38' title="bbox 193 3314 1365 3421; baseline 0 -26"><span class='ocrx_word' id='word_1_374' title='bbox 193 3340 300 3395; x_wconf 87' lang='lat' dir='ltr'><strong>videtur</strong></span> <span class='ocrx_word' id='word_1_375' title='bbox 326 3343 373 3395; x_wconf 86' lang='lat' dir='ltr'><strong>tun</strong></span> <span class='ocrx_word' id='word_1_376' title='bbox 388 3340 476 3410; x_wconf 82' lang='lat' dir='ltr'><strong>elogia</strong></span> <span class='ocrx_word' id='word_1_377' title='bbox 492 3341 541 3396; x_wconf 90' lang='lat' dir='ltr'><strong>illa</strong></span> <span class='ocrx_word' id='word_1_378' title='bbox 555 3342 644 3421; x_wconf 74' lang='lat' dir='ltr'><strong>primi</strong></span> <span class='ocrx_word' id='word_1_379' title='bbox 660 3341 764 3396; x_wconf 71' lang='lat' dir='ltr'><strong>lismona</strong></span> <span class='ocrx_word' id='word_1_380' title='bbox 779 3314 849 3396; x_wconf 75' lang='lat' dir='ltr'><strong>solis</strong></span> <span class='ocrx_word' id='word_1_381' title='bbox 866 3349 892 3397; x_wconf 85' lang='grc'><strong>51</strong></span> <span class='ocrx_word' id='word_1_382' title='bbox 908 3349 992 3407; x_wconf 69' lang='lat' dir='ltr'><strong>ostiu,</strong></span> <span class='ocrx_word' id='word_1_383' title='bbox 1021 3341 1088 3394; x_wconf 91' lang='lat' dir='ltr'><strong>coni.</strong></span> <span class='ocrx_word' id='word_1_384' title='bbox 1105 3343 1202 3410; x_wconf 72' lang='lat' dir='ltr'><strong>prinei</strong></span> <span class='ocrx_word' id='word_1_385' title='bbox 1220 3345 1311 3397; x_wconf 71' lang='grc'><strong>5555115</strong></span> <span class='ocrx_word' id='word_1_386' title='bbox 1326 3343 1365 3395; x_wconf 80' lang='lat' dir='ltr'><strong>sub</strong></span> 
     </span>
     <span class='ocr_line' id='line_1_39' title="bbox 193 3407 1366 3488; baseline -0.002 -25"><span class='ocrx_word' id='word_1_387' title='bbox 193 3409 305 3464; x_wconf 70' lang='lat' dir='ltr'><strong>leontinis</strong></span> <span class='ocrx_word' id='word_1_388' title='bbox 322 3416 407 3469; x_wconf 82' lang='lat' dir='ltr'><strong>ortus,</strong></span> <span class='ocrx_word' id='word_1_389' title='bbox 428 3412 510 3488; x_wconf 80' lang='lat' dir='ltr'><strong>atque</strong></span> <span class='ocrx_word' id='word_1_390' title='bbox 528 3412 611 3463; x_wconf 80' lang='lat' dir='ltr'><strong>etlam</strong></span> <span class='ocrx_word' id='word_1_391' title='bbox 626 3408 754 3464; x_wconf 79' lang='lat' dir='ltr'><strong>Senecam</strong></span> <span class='ocrx_word' id='word_1_392' title='bbox 768 3408 835 3464; x_wconf 83' lang='lat' dir='ltr'><strong>Adv.</strong></span> <span class='ocrx_word' id='word_1_393' title='bbox 852 3410 940 3463; x_wconf 70' lang='lat' dir='ltr'><strong>sscbito</strong></span> <span class='ocrx_word' id='word_1_394' title='bbox 958 3409 1000 3461; x_wconf 90' lang='lat' dir='ltr'><strong>hio</strong></span> <span class='ocrx_word' id='word_1_395' title='bbox 1018 3407 1117 3474; x_wconf 76' lang='lat' dir='ltr'><strong>legisse</strong></span> <span class='ocrx_word' id='word_1_396' title='bbox 1131 3411 1302 3479; x_wconf 87' lang='lat' dir='ltr'><strong>suspicatur,</strong></span> <span class='ocrx_word' id='word_1_397' title='bbox 1329 3409 1366 3477; x_wconf 87' lang='lat' dir='ltr'><strong>qui</strong></span> 
     </span>
     <span class='ocr_line' id='line_1_40' title="bbox 192 3476 1367 3545; baseline -0.003 -14"><span class='ocrx_word' id='word_1_398' title='bbox 192 3477 280 3531; x_wconf 89' lang='lat' dir='ltr'><strong>locum</strong></span> <span class='ocrx_word' id='word_1_399' title='bbox 311 3478 434 3530; x_wconf 86' lang='lat' dir='ltr'><strong>nostrum</strong></span> <span class='ocrx_word' id='word_1_400' title='bbox 460 3477 584 3531; x_wconf 78' lang='lat' dir='ltr'><strong>imitatus</strong></span> <span class='ocrx_word' id='word_1_401' title='bbox 603 3476 698 3533; x_wconf 86' lang='lat' dir='ltr'><strong>Troed.</strong></span> <span class='ocrx_word' id='word_1_402' title='bbox 724 3480 781 3531; x_wconf 81' lang='grc'><strong>189.</strong></span> <span class='ocrx_word' id='word_1_403' title='bbox 800 3476 950 3545; x_wconf 87' lang='lat' dir='ltr'><strong>scripserit:</strong></span> <span class='ocrx_word' id='word_1_404' title='bbox 976 3494 1080 3529; x_wconf 65' lang='lat' dir='ltr'><strong>acosma</strong></span> <span class='ocrx_word' id='word_1_405' title='bbox 1111 3476 1172 3529; x_wconf 78' lang='lat' dir='ltr'><strong>iam</strong></span> <span class='ocrx_word' id='word_1_406' title='bbox 1193 3479 1282 3532; x_wconf 75' lang='lat' dir='ltr'><strong>Titan</strong></span> <span class='ocrx_word' id='word_1_407' title='bbox 1311 3479 1367 3544; x_wconf 65' lang='lat' dir='ltr'><strong>isos</strong></span> 
     </span>
     <span class='ocr_line' id='line_1_41' title="bbox 192 3543 1366 3613; baseline 0 -15"><span class='ocrx_word' id='word_1_408' title='bbox 192 3544 357 3613; x_wconf 72' lang='lat' dir='ltr'><strong>striaqcbut:</strong></span> <span class='ocrx_word' id='word_1_409' title='bbox 376 3551 453 3598; x_wconf 67' lang='lat' dir='ltr'><strong>ortu«</strong></span> <span class='ocrx_word' id='word_1_410' title='bbox 469 3543 575 3598; x_wconf 80' lang='lat' dir='ltr'><strong>vicerat</strong></span> <span class='ocrx_word' id='word_1_411' title='bbox 590 3552 693 3599; x_wconf 82' lang='lat' dir='ltr'><strong>noctem</strong></span> <span class='ocrx_word' id='word_1_412' title='bbox 711 3545 784 3599; x_wconf 71' lang='lat' dir='ltr'><strong>dies:</strong></span> <span class='ocrx_word' id='word_1_413' title='bbox 804 3548 868 3597; x_wconf 78' lang='lat' dir='ltr'><strong>uum</strong></span> <span class='ocrx_word' id='word_1_414' title='bbox 885 3544 975 3597; x_wconf 75' lang='lat' dir='ltr'><strong>socdito</strong></span> <span class='ocrx_word' id='word_1_415' title='bbox 992 3561 1074 3597; x_wconf 87' lang='lat' dir='ltr'><strong>caeco</strong></span> <span class='ocrx_word' id='word_1_416' title='bbox 1093 3551 1172 3597; x_wconf 69' lang='lat' dir='ltr'><strong>tetra</strong></span> <span class='ocrx_word' id='word_1_417' title='bbox 1191 3547 1300 3613; x_wconf 71' lang='lat' dir='ltr'><strong>nmya&#39;tu</strong></span> <span class='ocrx_word' id='word_1_418' title='bbox 1317 3547 1366 3609; x_wconf 74' lang='lat' dir='ltr'><strong>fre</strong></span> 
     </span>
     <span class='ocr_line' id='line_1_42' title="bbox 192 3610 1365 3674; baseline 0.002 -10"><span class='ocrx_word' id='word_1_419' title='bbox 192 3629 266 3664; x_wconf 78' lang='lat' dir='ltr'><strong>mem</strong></span> <span class='ocrx_word' id='word_1_420' title='bbox 287 3611 425 3665; x_wconf 76' lang='lat' dir='ltr'><strong>Gonoussa</strong></span> <span class='ocrx_word' id='word_1_421' title='bbox 455 3614 505 3666; x_wconf 89' lang='lat' dir='ltr'><strong>etc.</strong></span> <span class='ocrx_word' id='word_1_422' title='bbox 540 3611 601 3674; x_wconf 85' lang='lat' dir='ltr'><strong>Sed,</strong></span> <span class='ocrx_word' id='word_1_423' title='bbox 632 3612 655 3666; x_wconf 89' lang='lat' dir='ltr'><strong>si</strong></span> <span class='ocrx_word' id='word_1_424' title='bbox 678 3628 738 3666; x_wconf 79' lang='lat' dir='ltr'><strong>sere</strong></span> <span class='ocrx_word' id='word_1_425' title='bbox 756 3611 826 3665; x_wconf 92' lang='lat' dir='ltr'><strong>hunc</strong></span> <span class='ocrx_word' id='word_1_426' title='bbox 844 3612 932 3665; x_wconf 87' lang='lat' dir='ltr'><strong>locum</strong></span> <span class='ocrx_word' id='word_1_427' title='bbox 951 3615 1014 3665; x_wconf 87' lang='lat' dir='ltr'><strong>ante</strong></span> <span class='ocrx_word' id='word_1_428' title='bbox 1034 3610 1125 3664; x_wconf 90' lang='lat' dir='ltr'><strong>oeulos</strong></span> <span class='ocrx_word' id='word_1_429' title='bbox 1146 3611 1251 3666; x_wconf 86' lang='lat' dir='ltr'><strong>habuit</strong></span> <span class='ocrx_word' id='word_1_430' title='bbox 1268 3613 1365 3667; x_wconf 77' lang='lat' dir='ltr'><strong>Seneca</strong></span> 
     </span>
     <span class='ocr_line' id='line_1_43' title="bbox 193 3677 1367 3759; baseline 0.002 -27"><span class='ocrx_word' id='word_1_431' title='bbox 193 3680 333 3759; x_wconf 81' lang='lat' dir='ltr'><strong>tantopore</strong></span> <span class='ocrx_word' id='word_1_432' title='bbox 350 3680 385 3733; x_wconf 88' lang='lat' dir='ltr'><strong>ab</strong></span> <span class='ocrx_word' id='word_1_433' title='bbox 402 3679 523 3747; x_wconf 84' lang='lat' dir='ltr'><strong>exemplo</strong></span> <span class='ocrx_word' id='word_1_434' title='bbox 542 3696 589 3733; x_wconf 88' lang='lat' dir='ltr'><strong>suo</strong></span> <span class='ocrx_word' id='word_1_435' title='bbox 609 3679 728 3742; x_wconf 87' lang='lat' dir='ltr'><strong>recessit,</strong></span> <span class='ocrx_word' id='word_1_436' title='bbox 757 3680 789 3732; x_wconf 89' lang='lat' dir='ltr'><strong>nt</strong></span> <span class='ocrx_word' id='word_1_437' title='bbox 814 3679 894 3732; x_wconf 87' lang='lat' dir='ltr'><strong>etiam</strong></span> <span class='ocrx_word' id='word_1_438' title='bbox 914 3677 983 3732; x_wconf 85' lang='lat' dir='ltr'><strong>illud</strong></span> <span class='ocrx_word' id='word_1_439' title='bbox 1001 3679 1090 3731; x_wconf 77' lang='lat' dir='ltr'><strong>sedito</strong></span> <span class='ocrx_word' id='word_1_440' title='bbox 1110 3677 1146 3732; x_wconf 87' lang='lat' dir='ltr'><strong>de</strong></span> <span class='ocrx_word' id='word_1_441' title='bbox 1167 3696 1219 3734; x_wconf 90' lang='lat' dir='ltr'><strong>suo</strong></span> <span class='ocrx_word' id='word_1_442' title='bbox 1240 3680 1367 3734; x_wconf 70' lang='lat' dir='ltr'><strong>addidisse</strong></span> 
     </span>
     <span class='ocr_line' id='line_1_44' title="bbox 193 3744 1367 3816; baseline -0.003 -17"><span class='ocrx_word' id='word_1_443' title='bbox 193 3744 279 3800; x_wconf 86' lang='lat' dir='ltr'><strong>viden</strong></span> <span class='ocrx_word' id='word_1_444' title='bbox 307 3747 400 3815; x_wconf 88' lang='lat' dir='ltr'><strong>possit.</strong></span> <span class='ocrx_word' id='word_1_445' title='bbox 437 3746 551 3802; x_wconf 84' lang='lat' dir='ltr'><strong>Gentius</strong></span> <span class='ocrx_word' id='word_1_446' title='bbox 571 3750 640 3802; x_wconf 86' lang='lat' dir='ltr'><strong>Anu.</strong></span> <span class='ocrx_word' id='word_1_447' title='bbox 671 3747 731 3801; x_wconf 87' lang='lat' dir='ltr'><strong>crit.</strong></span> <span class='ocrx_word' id='word_1_448' title='bbox 754 3764 780 3816; x_wconf 87' lang='lat' dir='ltr'><strong>p.</strong></span> <span class='ocrx_word' id='word_1_449' title='bbox 800 3749 842 3801; x_wconf 90' lang='grc'><strong>28.</strong></span> <span class='ocrx_word' id='word_1_450' title='bbox 868 3746 934 3801; x_wconf 90' lang='lat' dir='ltr'><strong>coni.</strong></span> <span class='ocrx_word' id='word_1_451' title='bbox 953 3745 1022 3799; x_wconf 80' lang='lat' dir='ltr'><strong>solis</strong></span> <span class='ocrx_word' id='word_1_452' title='bbox 1040 3753 1066 3798; x_wconf 83' lang='lat' dir='ltr'><strong>et</strong></span> <span class='ocrx_word' id='word_1_453' title='bbox 1083 3763 1188 3800; x_wconf 71' lang='lat' dir='ltr'><strong>orosam.</strong></span> <span class='ocrx_word' id='word_1_454' title='bbox 1209 3779 1246 3788; x_wconf 89' lang='lat'>-</span> <span class='ocrx_word' id='word_1_455' title='bbox 1264 3749 1332 3803; x_wconf 77' lang='lat' dir='ltr'><strong>(lum</strong></span> <span class='ocrx_word' id='word_1_456' title='bbox 1347 3763 1367 3798; x_wconf 83' lang='lat' dir='ltr'><strong>s.</strong></span> 
     </span>
     <span class='ocr_line' id='line_1_45' title="bbox 192 3811 1368 3884; baseline 0 -16"><span class='ocrx_word' id='word_1_457' title='bbox 192 3811 259 3875; x_wconf 76' lang='grc'><strong>256.</strong></span> <span class='ocrx_word' id='word_1_458' title='bbox 277 3813 312 3869; x_wconf 85' lang='lat' dir='ltr'><strong>cf.</strong></span> <span class='ocrx_word' id='word_1_459' title='bbox 331 3830 413 3882; x_wconf 86' lang='lat' dir='ltr'><strong>supra</strong></span> <span class='ocrx_word' id='word_1_460' title='bbox 429 3814 476 3876; x_wconf 89' lang='lat' dir='ltr'><strong>IV,</strong></span> <span class='ocrx_word' id='word_1_461' title='bbox 497 3819 555 3869; x_wconf 86' lang='grc'><strong>199.</strong></span> <span class='ocrx_word' id='word_1_462' title='bbox 583 3815 666 3869; x_wconf 87' lang='lat' dir='ltr'><strong>Conin</strong></span> <span class='ocrx_word' id='word_1_463' title='bbox 716 3831 733 3866; x_wconf 95' lang='lat' dir='ltr'><strong>n</strong></span> <span class='ocrx_word' id='word_1_464' title='bbox 753 3816 892 3884; x_wconf 79' lang='lat' dir='ltr'><strong>comparet</strong></span> <span class='ocrx_word' id='word_1_465' title='bbox 910 3812 998 3883; x_wconf 79' lang='lat' dir='ltr'><strong>Apoll.</strong></span> <span class='ocrx_word' id='word_1_466' title='bbox 1017 3812 1068 3866; x_wconf 86' lang='lat' dir='ltr'><strong>Rh.</strong></span> <span class='ocrx_word' id='word_1_467' title='bbox 1086 3812 1140 3875; x_wconf 91' lang='grc' dir='ltr'>ΙΙΙ,</span> <span class='ocrx_word' id='word_1_468' title='bbox 1164 3817 1295 3871; x_wconf 67' lang='grc'><strong>1211-</strong></span> <span class='ocrx_word' id='word_1_469' title='bbox 1314 3834 1368 3868; x_wconf 78' lang='lat' dir='ltr'><strong>aa·</strong></span> 
     </span>
     <span class='ocr_line' id='line_1_46' title="bbox 193 3879 1369 3952; baseline 0 -18"><span class='ocrx_word' id='word_1_470' title='bbox 193 3882 266 3950; x_wconf 72' lang='lat' dir='ltr'><strong>yire</strong></span> <span class='ocrx_word' id='word_1_471' title='bbox 297 3881 410 3937; x_wconf 77' lang='lat' dir='ltr'><strong>soluru.</strong></span> <span class='ocrx_word' id='word_1_472' title='bbox 445 3882 522 3938; x_wconf 76' lang='lat' dir='ltr'><strong>Ovio.</strong></span> <span class='ocrx_word' id='word_1_473' title='bbox 541 3883 607 3936; x_wconf 84' lang='lat' dir='ltr'><strong>Met.</strong></span> <span class='ocrx_word' id='word_1_474' title='bbox 625 3882 664 3936; x_wconf 94' lang='lat' dir='ltr'><strong>XI</strong></span> <span class='ocrx_word' id='word_1_475' title='bbox 690 3921 696 3943; x_wconf 90' lang='lat'><strong><em>‚</em></strong></span> <span class='ocrx_word' id='word_1_476' title='bbox 722 3885 780 3942; x_wconf 82' lang='lat'>406.</span> <span class='ocrx_word' id='word_1_477' title='bbox 804 3883 831 3935; x_wconf 88' lang='lat' dir='ltr'><strong>iu</strong></span> <span class='ocrx_word' id='word_1_478' title='bbox 849 3881 907 3935; x_wconf 90' lang='lat' dir='ltr'><strong>loco</strong></span> <span class='ocrx_word' id='word_1_479' title='bbox 925 3880 988 3934; x_wconf 89' lang='lat' dir='ltr'><strong>huic</strong></span> <span class='ocrx_word' id='word_1_480' title='bbox 1005 3879 1145 3935; x_wconf 88' lang='lat' dir='ltr'><strong>simillimo</strong></span> <span class='ocrx_word' id='word_1_481' title='bbox 1164 3883 1281 3952; x_wconf 82' lang='lat' dir='ltr'><strong>scripsit</strong></span> <span class='ocrx_word' id='word_1_482' title='bbox 1299 3884 1369 3952; x_wconf 71' lang='lat' dir='ltr'><strong>que-</strong></span> 
     </span>
     <span class='ocr_line' id='line_1_47' title="bbox 192 3948 1369 4020; baseline 0 -18"><span class='ocrx_word' id='word_1_483' title='bbox 192 3952 312 4020; x_wconf 74' lang='lat' dir='ltr'><strong>muo&#39;tquc</strong></span> <span class='ocrx_word' id='word_1_484' title='bbox 330 3952 418 4005; x_wconf 86' lang='lat' dir='ltr'><strong>solum</strong></span> <span class='ocrx_word' id='word_1_485' title='bbox 437 3952 465 4004; x_wconf 90' lang='lat' dir='ltr'><strong>et</strong></span> <span class='ocrx_word' id='word_1_486' title='bbox 481 3950 562 4020; x_wconf 89' lang='lat' dir='ltr'><strong>paulo</strong></span> <span class='ocrx_word' id='word_1_487' title='bbox 580 3952 642 4019; x_wconf 90' lang='lat' dir='ltr'><strong>post</strong></span> <span class='ocrx_word' id='word_1_488' title='bbox 660 3966 683 4003; x_wconf 79' lang='grc' dir='ltr'><strong>ι.</strong></span> <span class='ocrx_word' id='word_1_489' title='bbox 703 3953 761 4003; x_wconf 80' lang='lat' dir='ltr'><strong>los.</strong></span> <span class='ocrx_word' id='word_1_490' title='bbox 784 3957 809 4002; x_wconf 83' lang='lat' dir='ltr'><strong>et</strong></span> <span class='ocrx_word' id='word_1_491' title='bbox 827 3949 936 4018; x_wconf 74' lang='lat' dir='ltr'><strong>lapides</strong></span> <span class='ocrx_word' id='word_1_492' title='bbox 953 3948 1008 4002; x_wconf 75' lang='grc'><strong>5151</strong></span> <span class='ocrx_word' id='word_1_493' title='bbox 1023 3949 1144 4016; x_wconf 71' lang='lat' dir='ltr'><strong>muqitus</strong></span> <span class='ocrx_word' id='word_1_494' title='bbox 1162 3953 1252 4004; x_wconf 82' lang='lat' dir='ltr'><strong>edere</strong></span> <span class='ocrx_word' id='word_1_495' title='bbox 1269 3969 1369 4009; x_wconf 75' lang='lat' dir='ltr'><strong>scaccos,</strong></span> 
     </span>
     <span class='ocr_line' id='line_1_48' title="bbox 193 4015 1370 4086; baseline -0.004 -12"><span class='ocrx_word' id='word_1_496' title='bbox 193 4017 275 4074; x_wconf 87' lang='lat' dir='ltr'><strong>Silius</strong></span> <span class='ocrx_word' id='word_1_497' title='bbox 297 4021 388 4073; x_wconf 88' lang='lat' dir='ltr'><strong>autem</strong></span> <span class='ocrx_word' id='word_1_498' title='bbox 405 4018 452 4080; x_wconf 88' lang='lat' dir='ltr'><strong>VI,</strong></span> <span class='ocrx_word' id='word_1_499' title='bbox 477 4021 532 4073; x_wconf 83' lang='grc'><strong>119.</strong></span> <span class='ocrx_word' id='word_1_500' title='bbox 555 4034 685 4072; x_wconf 68' lang='lat' dir='ltr'><strong>recessere</strong></span> <span class='ocrx_word' id='word_1_501' title='bbox 700 4018 789 4071; x_wconf 85' lang='lat' dir='ltr'><strong>solum</strong></span> <span class='ocrx_word' id='word_1_502' title='bbox 806 4018 936 4086; x_wconf 70' lang='lat' dir='ltr'><strong>tellcuqoae</strong></span> <span class='ocrx_word' id='word_1_503' title='bbox 952 4015 1059 4069; x_wconf 82' lang='lat' dir='ltr'><strong>moveri</strong></span> <span class='ocrx_word' id='word_1_504' title='bbox 1074 4018 1128 4069; x_wconf 90' lang='lat' dir='ltr'><strong>etc.</strong></span> <span class='ocrx_word' id='word_1_505' title='bbox 1148 4049 1183 4057; x_wconf 94' lang='lat'><em>-</em></span> <span class='ocrx_word' id='word_1_506' title='bbox 1203 4019 1242 4070; x_wconf 76' lang='lat' dir='ltr'><strong>ia</strong></span> <span class='ocrx_word' id='word_1_507' title='bbox 1270 4038 1289 4073; x_wconf 80' lang='lat' dir='ltr'><strong>a</strong></span> <span class='ocrx_word' id='word_1_508' title='bbox 1313 4020 1343 4072; x_wconf 76' lang='lat' dir='ltr'><strong>si</strong></span> <span class='ocrx_word' id='word_1_509' title='bbox 1347 4019 1355 4068; x_wconf 93' lang='grc'><strong>1</strong></span> <span class='ocrx_word' id='word_1_510' title='bbox 1361 4046 1370 4056; x_wconf 83' lang='grc'>-</span> 
     </span>
     <span class='ocr_line' id='line_1_49' title="bbox 194 4082 1370 4155; baseline -0.003 -16"><span class='ocrx_word' id='word_1_511' title='bbox 194 4104 309 4139; x_wconf 80' lang='lat' dir='ltr'><strong>varum</strong></span> <span class='ocrx_word' id='word_1_512' title='bbox 326 4087 411 4155; x_wconf 86' lang='lat' dir='ltr'><strong>Ileyn.</strong></span> <span class='ocrx_word' id='word_1_513' title='bbox 441 4088 514 4140; x_wconf 87' lang='lat' dir='ltr'><strong>recte</strong></span> <span class='ocrx_word' id='word_1_514' title='bbox 542 4085 599 4140; x_wconf 88' lang='lat' dir='ltr'><strong>inte</strong></span> <span class='ocrx_word' id='word_1_515' title='bbox 632 4087 736 4139; x_wconf 86' lang='lat' dir='ltr'><strong>retatur</strong></span> <span class='ocrx_word' id='word_1_516' title='bbox 762 4101 810 4154; x_wconf 88' lang='lat' dir='ltr'><strong>per</strong></span> <span class='ocrx_word' id='word_1_517' title='bbox 832 4085 895 4152; x_wconf 81' lang='lat' dir='ltr'><strong>iuga</strong></span> <span class='ocrx_word' id='word_1_518' title='bbox 914 4084 1046 4137; x_wconf 89' lang='lat' dir='ltr'><strong>montium</strong></span> <span class='ocrx_word' id='word_1_519' title='bbox 1064 4082 1142 4136; x_wconf 80' lang='lat' dir='ltr'><strong>silvis</strong></span> <span class='ocrx_word' id='word_1_520' title='bbox 1164 4086 1246 4140; x_wconf 92' lang='lat' dir='ltr'><strong>consi</strong></span> <span class='ocrx_word' id='word_1_521' title='bbox 1280 4127 1287 4148; x_wconf 96' lang='lat'><strong>,</strong></span> <span class='ocrx_word' id='word_1_522' title='bbox 1317 4086 1370 4140; x_wconf 86' lang='lat' dir='ltr'><strong>coll.</strong></span> 
     </span>
     <span class='ocr_line' id='line_1_50' title="bbox 193 4151 1372 4230; baseline 0 -24"><span class='ocrx_word' id='word_1_523' title='bbox 193 4156 277 4208; x_wconf 79' lang='lat' dir='ltr'><strong>dorso</strong></span> <span class='ocrx_word' id='word_1_524' title='bbox 294 4171 434 4209; x_wconf 78' lang='lat' dir='ltr'><strong>nemorum</strong></span> <span class='ocrx_word' id='word_1_525' title='bbox 451 4170 493 4222; x_wconf 86' lang='lat' dir='ltr'><strong>sp.</strong></span> <span class='ocrx_word' id='word_1_526' title='bbox 516 4153 581 4207; x_wconf 88' lang='lat' dir='ltr'><strong>Hor.</strong></span> <span class='ocrx_word' id='word_1_527' title='bbox 636 4155 656 4208; x_wconf 91' lang='lat' dir='ltr'><strong>t.</strong></span> <span class='ocrx_word' id='word_1_528' title='bbox 675 4153 711 4219; x_wconf 89' lang='grc' dir='ltr'><strong>ΙΙ,</strong></span> <span class='ocrx_word' id='word_1_529' title='bbox 733 4154 757 4216; x_wconf 91' lang='grc'><strong>6,</strong></span> <span class='ocrx_word' id='word_1_530' title='bbox 784 4155 826 4206; x_wconf 94' lang='grc'><strong>91.</strong></span> <span class='ocrx_word' id='word_1_531' title='bbox 844 4155 872 4206; x_wconf 82' lang='grc'><strong>51</strong></span> <span class='ocrx_word' id='word_1_532' title='bbox 888 4151 966 4205; x_wconf 77' lang='grc'><strong>511515</strong></span> <span class='ocrx_word' id='word_1_533' title='bbox 984 4151 1087 4216; x_wconf 66' lang='grc'><strong>1595515</strong></span> <span class='ocrx_word' id='word_1_534' title='bbox 1107 4167 1153 4230; x_wconf 83' lang='lat' dir='ltr'><strong>ap.</strong></span> <span class='ocrx_word' id='word_1_535' title='bbox 1175 4152 1260 4209; x_wconf 78' lang='lat' dir='ltr'><strong>Osid.</strong></span> <span class='ocrx_word' id='word_1_536' title='bbox 1280 4154 1338 4208; x_wconf 75' lang='lat' dir='ltr'><strong>Am.</strong></span> <span class='ocrx_word' id='word_1_537' title='bbox 1354 4153 1372 4213; x_wconf 85' lang='lat' dir='ltr'><strong>l,</strong></span> 
     </span>
     <span class='ocr_line' id='line_1_51' title="bbox 196 4217 1374 4290; baseline -0.002 -16"><span class='ocrx_word' id='word_1_538' title='bbox 196 4226 218 4285; x_wconf 90' lang='grc'>1,</span> <span class='ocrx_word' id='word_1_539' title='bbox 238 4222 352 4290; x_wconf 72' lang='grc'><strong>91595</strong></span> <span class='ocrx_word' id='word_1_540' title='bbox 367 4238 504 4275; x_wconf 76' lang='lat' dir='ltr'><strong>nemorum</strong></span> <span class='ocrx_word' id='word_1_541' title='bbox 526 4220 597 4275; x_wconf 90' lang='lat' dir='ltr'><strong>redit</strong></span> <span class='ocrx_word' id='word_1_542' title='bbox 618 4220 690 4274; x_wconf 84' lang='lat' dir='ltr'><strong>infra</strong></span> <span class='ocrx_word' id='word_1_543' title='bbox 708 4219 755 4282; x_wconf 93' lang='lat' dir='ltr'><strong>XI,</strong></span> <span class='ocrx_word' id='word_1_544' title='bbox 783 4223 853 4284; x_wconf 71' lang='lat'><strong>545,</strong></span> <span class='ocrx_word' id='word_1_545' title='bbox 880 4223 908 4273; x_wconf 90' lang='lat' dir='ltr'><strong>et</strong></span> <span class='ocrx_word' id='word_1_546' title='bbox 927 4217 1031 4273; x_wconf 79' lang='lat' dir='ltr'><strong>Pesrllr.</strong></span> <span class='ocrx_word' id='word_1_547' title='bbox 1051 4234 1103 4271; x_wconf 88' lang='lat' dir='ltr'><strong>non</strong></span> <span class='ocrx_word' id='word_1_548' title='bbox 1122 4235 1167 4272; x_wconf 77' lang='lat' dir='ltr'><strong>sne</strong></span> <span class='ocrx_word' id='word_1_549' title='bbox 1189 4222 1220 4274; x_wconf 86' lang='lat' dir='ltr'><strong>te</strong></span> <span class='ocrx_word' id='word_1_550' title='bbox 1241 4239 1302 4275; x_wconf 88' lang='lat' dir='ltr'><strong>com</strong></span> <span class='ocrx_word' id='word_1_551' title='bbox 1321 4224 1374 4277; x_wconf 80' lang='lat' dir='ltr'><strong>arat</strong></span> 
     </span>
     <span class='ocr_line' id='line_1_52' title="bbox 193 4240 1375 4358; baseline -0.003 -15"><span class='ocrx_word' id='word_1_552' title='bbox 193 4288 301 4343; x_wconf 80' lang='lat' dir='ltr'><strong>Gallim.</strong></span> <span class='ocrx_word' id='word_1_553' title='bbox 326 4289 356 4343; x_wconf 91' lang='lat' dir='ltr'><strong>in</strong></span> <span class='ocrx_word' id='word_1_554' title='bbox 373 4289 432 4343; x_wconf 88' lang='lat' dir='ltr'><strong>Cer.</strong></span> <span class='ocrx_word' id='word_1_555' title='bbox 452 4292 511 4343; x_wconf 87' lang='grc'><strong>385.</strong></span> <span class='ocrx_word' id='word_1_556' title='bbox 538 4285 605 4355; x_wconf 82' lang='grc' dir='ltr'><strong><em>ὅρος</em></strong></span> <span class='ocrx_word' id='word_1_557' title='bbox 633 4288 706 4342; x_wconf 75' lang='grc' dir='ltr'><strong>κάτα</strong></span> <span class='ocrx_word' id='word_1_558' title='bbox 725 4286 846 4342; x_wconf 78' lang='grc' dir='ltr'><strong>δάσκιον</strong></span> <span class='ocrx_word' id='word_1_559' title='bbox 865 4287 938 4352; x_wconf 69' lang='grc' dir='ltr'>ὕλης,</span> <span class='ocrx_word' id='word_1_560' title='bbox 965 4286 1011 4339; x_wconf 87' lang='lat' dir='ltr'><strong>ubi</strong></span> <span class='ocrx_word' id='word_1_561' title='bbox 1028 4284 1072 4338; x_wconf 89' lang='lat' dir='ltr'><strong>hic</strong></span> <span class='ocrx_word' id='word_1_562' title='bbox 1090 4284 1149 4354; x_wconf 87' lang='lat' dir='ltr'><strong>ipse</strong></span> <span class='ocrx_word' id='word_1_563' title='bbox 1195 4240 1375 4358; x_wconf 67' lang='lat' dir='ltr'><strong>organicos</strong></span> 
     </span>
     <span class='ocr_line' id='line_1_53' title="bbox 194 4354 1376 4425; baseline -0.003 -13"><span class='ocrx_word' id='word_1_564' title='bbox 194 4356 260 4412; x_wconf 92' lang='lat' dir='ltr'><strong>nihil</strong></span> <span class='ocrx_word' id='word_1_565' title='bbox 291 4356 452 4410; x_wconf 88' lang='lat' dir='ltr'><strong>mutandum</strong></span> <span class='ocrx_word' id='word_1_566' title='bbox 482 4371 540 4410; x_wconf 87' lang='lat' dir='ltr'><strong>esse</strong></span> <span class='ocrx_word' id='word_1_567' title='bbox 570 4354 673 4411; x_wconf 88' lang='lat' dir='ltr'><strong>doceat.</strong></span> <span class='ocrx_word' id='word_1_568' title='bbox 712 4354 798 4409; x_wconf 83' lang='lat' dir='ltr'><strong>Verba</strong></span> <span class='ocrx_word' id='word_1_569' title='bbox 829 4356 895 4422; x_wconf 64' lang='lat' dir='ltr'><strong>iaec</strong></span> <span class='ocrx_word' id='word_1_570' title='bbox 924 4362 1021 4420; x_wconf 80' lang='lat' dir='ltr'><strong>coepto</strong></span> <span class='ocrx_word' id='word_1_571' title='bbox 1041 4354 1148 4406; x_wconf 73' lang='lat' dir='ltr'><strong>ocoeerc’</strong></span> <span class='ocrx_word' id='word_1_572' title='bbox 1165 4361 1337 4425; x_wconf 87' lang='lat' dir='ltr'><strong>repetuntur</strong></span> <span class='ocrx_word' id='word_1_573' title='bbox 1353 4359 1376 4411; x_wconf 86' lang='lat' dir='ltr'><strong>in</strong></span> 
     </span>
     <span class='ocr_line' id='line_1_54' title="bbox 192 4419 1377 4491; baseline 0.001 -12"><span class='ocrx_word' id='word_1_574' title='bbox 192 4424 277 4479; x_wconf 79' lang='lat' dir='ltr'><strong>Anth.</strong></span> <span class='ocrx_word' id='word_1_575' title='bbox 295 4425 357 4479; x_wconf 86' lang='lat' dir='ltr'><strong>Lat.</strong></span> <span class='ocrx_word' id='word_1_576' title='bbox 375 4424 411 4491; x_wconf 92' lang='grc' dir='ltr'>ΙΙ,</span> <span class='ocrx_word' id='word_1_577' title='bbox 436 4429 491 4489; x_wconf 86' lang='grc'><strong>192,</strong></span> <span class='ocrx_word' id='word_1_578' title='bbox 510 4427 551 4477; x_wconf 91' lang='grc'><strong>21.</strong></span> <span class='ocrx_word' id='word_1_579' title='bbox 569 4453 602 4461; x_wconf 91' lang='grc'>-</span> <span class='ocrx_word' id='word_1_580' title='bbox 620 4421 685 4483; x_wconf 78' lang='grc'><strong>257.</strong></span> <span class='ocrx_word' id='word_1_581' title='bbox 715 4439 812 4476; x_wconf 65' lang='lat' dir='ltr'><strong>carseo</strong></span> <span class='ocrx_word' id='word_1_582' title='bbox 828 4422 938 4490; x_wconf 81' lang='lat' dir='ltr'><strong>Stygias</strong></span> <span class='ocrx_word' id='word_1_583' title='bbox 957 4419 1080 4489; x_wconf 82' lang='lat' dir='ltr'><strong>intellige</strong></span> <span class='ocrx_word' id='word_1_584' title='bbox 1100 4420 1231 4478; x_wconf 87' lang='lat' dir='ltr'><strong>Hecaten</strong></span> <span class='ocrx_word' id='word_1_585' title='bbox 1251 4427 1377 4480; x_wconf 83' lang='lat' dir='ltr'><strong>comitan-</strong></span> 
     </span>
     <span class='ocr_line' id='line_1_55' title="bbox 193 4486 1378 4567; baseline -0.004 -20"><span class='ocrx_word' id='word_1_586' title='bbox 193 4496 244 4555; x_wconf 78' lang='lat' dir='ltr'><strong>tce,</strong></span> <span class='ocrx_word' id='word_1_587' title='bbox 265 4490 298 4546; x_wconf 79' lang='lat' dir='ltr'><strong>de</strong></span> <span class='ocrx_word' id='word_1_588' title='bbox 333 4492 413 4546; x_wconf 83' lang='lat' dir='ltr'><strong>uibus</strong></span> <span class='ocrx_word' id='word_1_589' title='bbox 431 4493 483 4547; x_wconf 86' lang='lat' dir='ltr'><strong>vid.</strong></span> <span class='ocrx_word' id='word_1_590' title='bbox 502 4490 625 4563; x_wconf 80' lang='lat' dir='ltr'><strong>Apellen.</strong></span> <span class='ocrx_word' id='word_1_591' title='bbox 644 4490 695 4552; x_wconf 87' lang='lat' dir='ltr'><strong>III,</strong></span> <span class='ocrx_word' id='word_1_592' title='bbox 726 4493 798 4543; x_wconf 76' lang='lat'>1216.</span> <span class='ocrx_word' id='word_1_593' title='bbox 827 4490 957 4567; x_wconf 65' lang='grc' dir='ltr'><strong>(χθόνιοι</strong></span> <span class='ocrx_word' id='word_1_594' title='bbox 972 4486 1053 4545; x_wconf 75' lang='grc' dir='ltr'><em>κύνες</em></span> <span class='ocrx_word' id='word_1_595' title='bbox 1072 4488 1276 4557; x_wconf 62' lang='grc' dir='ltr'><strong>ἐφθέγγοντο)</strong></span> <span class='ocrx_word' id='word_1_596' title='bbox 1294 4494 1378 4548; x_wconf 73' lang='lat' dir='ltr'><strong>Taub-</strong></span> 
     </span>
     <span class='ocr_line' id='line_1_56' title="bbox 194 4510 1376 4624; baseline 0 -11"><span class='ocrx_word' id='word_1_597' title='bbox 194 4576 283 4615; x_wconf 90' lang='lat' dir='ltr'><strong>mann.</strong></span> <span class='ocrx_word' id='word_1_598' title='bbox 303 4510 338 4615; x_wconf 73' lang='lat' dir='ltr'><strong>sd</strong></span> <span class='ocrx_word' id='word_1_599' title='bbox 356 4560 382 4614; x_wconf 88' lang='lat' dir='ltr'><strong>h.</strong></span> <span class='ocrx_word' id='word_1_600' title='bbox 400 4560 418 4613; x_wconf 90' lang='grc'><strong>1.</strong></span> <span class='ocrx_word' id='word_1_601' title='bbox 437 4561 530 4616; x_wconf 78' lang='lat' dir='ltr'><strong>Burin.</strong></span> <span class='ocrx_word' id='word_1_602' title='bbox 549 4558 584 4614; x_wconf 86' lang='lat' dir='ltr'><strong>sd</strong></span> <span class='ocrx_word' id='word_1_603' title='bbox 600 4557 660 4614; x_wconf 87' lang='lat' dir='ltr'><strong>Val.</strong></span> <span class='ocrx_word' id='word_1_604' title='bbox 680 4556 721 4612; x_wconf 74' lang='lat' dir='ltr'><strong>Ill.</strong></span> <span class='ocrx_word' id='word_1_605' title='bbox 739 4558 789 4624; x_wconf 89' lang='lat' dir='ltr'><strong>Ill,</strong></span> <span class='ocrx_word' id='word_1_606' title='bbox 818 4559 876 4610; x_wconf 88' lang='grc'><strong>228.</strong></span> <span class='ocrx_word' id='word_1_607' title='bbox 909 4555 1004 4609; x_wconf 80' lang='lat' dir='ltr'><strong>llcrud.</strong></span> <span class='ocrx_word' id='word_1_608' title='bbox 1028 4558 1056 4608; x_wconf 87' lang='lat' dir='ltr'><strong>et</strong></span> <span class='ocrx_word' id='word_1_609' title='bbox 1073 4555 1160 4611; x_wconf 89' lang='lat' dir='ltr'><strong>Orcll.</strong></span> <span class='ocrx_word' id='word_1_610' title='bbox 1180 4559 1218 4613; x_wconf 90' lang='lat' dir='ltr'><strong>ad</strong></span> <span class='ocrx_word' id='word_1_611' title='bbox 1240 4561 1310 4615; x_wconf 87' lang='lat' dir='ltr'><strong>Hor.</strong></span> <span class='ocrx_word' id='word_1_612' title='bbox 1328 4563 1376 4616; x_wconf 82' lang='lat' dir='ltr'><strong>Sat</strong></span> 
     </span>
     <span class='ocr_line' id='line_1_57' title="bbox 194 4622 1379 4697; baseline 0 -14"><span class='ocrx_word' id='word_1_613' title='bbox 194 4626 217 4688; x_wconf 88' lang='lat'><strong>1,</strong></span> <span class='ocrx_word' id='word_1_614' title='bbox 247 4629 271 4694; x_wconf 90' lang='grc'><strong>8,</strong></span> <span class='ocrx_word' id='word_1_615' title='bbox 300 4631 340 4680; x_wconf 81' lang='grc'><strong>35.</strong></span> <span class='ocrx_word' id='word_1_616' title='bbox 371 4628 429 4694; x_wconf 91' lang='lat' dir='ltr'><strong>(ubi</strong></span> <span class='ocrx_word' id='word_1_617' title='bbox 446 4630 575 4697; x_wconf 73' lang='lat' dir='ltr'><strong>infernae</strong></span> <span class='ocrx_word' id='word_1_618' title='bbox 593 4642 674 4681; x_wconf 80' lang='lat' dir='ltr'><strong>canes</strong></span> <span class='ocrx_word' id='word_1_619' title='bbox 691 4625 838 4692; x_wconf 87' lang='lat' dir='ltr'><strong>dicuntur).</strong></span> <span class='ocrx_word' id='word_1_620' title='bbox 873 4622 1151 4679; x_wconf 65' lang='lat' dir='ltr'><strong>succensendi.</strong></span> <span class='ocrx_word' id='word_1_621' title='bbox 1172 4625 1193 4680; x_wconf 90' lang='grc' dir='ltr'><strong>Ι.</strong></span> <span class='ocrx_word' id='word_1_622' title='bbox 1216 4643 1244 4683; x_wconf 78' lang='lat' dir='ltr'><strong>v.</strong></span> <span class='ocrx_word' id='word_1_623' title='bbox 1266 4633 1328 4686; x_wconf 83' lang='grc'><strong>109.</strong></span> <span class='ocrx_word' id='word_1_624' title='bbox 1346 4631 1379 4683; x_wconf 71' lang='lat' dir='ltr'><strong>n</strong></span> 
     </span>
    </p>
   </div>
   <div class='ocr_carea' id='block_1_6' title="bbox 0 0 1444 4964">
    <p class='ocr_par' dir='ltr' id='par_1_8' title="bbox 0 0 1444 4964">
     <span class='ocr_line' id='line_1_58' title="bbox 0 0 1444 4964; baseline 0 0"><span class='ocrx_word' id='word_1_625' title='bbox 0 0 1444 4964; x_wconf 95' lang='lat' dir='ltr'><strong> </strong></span> 
     </span>
    </p>
   </div>
  </div>
 </body>
</html>
