2782 4958
97 175 100 179 ’
158 208 220 282 roo
513 206 549 276 r.
570 204 759 277 vnao1u1
779 202 979 274 maome

160 373 406 523 Conciliumqua
427 387 526 444 vooat
545 379 696 465 vitasque
717 384 750 441 et
771 375 911 440 erimina
931 372 1040 438 discit.

160 459 327 524 Proxuma
375 459 470 525 eiude
491 470 602 527 tenent
621 460 737 526 maesti
756 457 839 541 loca,
861 456 1004 556 qui-sibi
1027 456 1139 522 letum

159 542 308 607 Insontes
331 564 490 629 peperere
511 567 610 609 manu
630 543 799 629 lucemque
821 564 931 630 perosr
1314 552 1357 603 ⁴³5

158 625 332 690 Proieoere
353 626 489 692 animas.
533 627 639 708 Quam
662 624 782 690 vellent
803 624 933 690 aethere
955 625 989 688 iu
1011 622 1084 689 alto

158 707 252 772 Nunc
272 717 305 773 et
323 710 515 795 pauperiem
537 718 570 774 et
591 709 690 775 duros
711 707 857 796 perferre
877 706 1025 773 labores!

158 790 226 855 Fas
249 791 360 856 obstat
381 793 534 881 tristique
557 792 652 881 palus
674 790 862 857 inamabilis
883 789 971 855 unda

159 1053 274 1119 iudicem
305 1057 365 1109 tum
384 1057 454 1113 citat
478 1073 537 1114 reos
555 1058 591 1114 ad
609 1057 737 1112 indictum
755 1056 891 1124 (silerum
908 1053 1058 1109 eoumiirem
1078 1057 1192 1119 sooar),
1224 1056 1259 1109 ut
1275 1055 1308 1110 de
1323 1055 1351 1109 iis

158 1126 639 1195 cognoscatur3uiturqaeetcrr'rm'rra
647 1126 737 1189 decis,
746 1122 988 1191 auditautriusque
998 1122 1090 1189 partis
1100 1124 1235 1178 oratione
1243 1127 1273 1177 et
1282 1125 1349 1177 testi·

158 1192 210 1244 bus
222 1192 424 1260 interrogabar*
443 1194 549 1249 Inuitati
569 1197 634 1248 sunt
651 1193 679 1248 h.
698 1194 717 1247 l.
729 1192 791 1247 Sen.
805 1190 883 1246 Hero.
900 1190 952 1244 fur.
968 1192 1092 1268 tssl'sqq.
1112 1191 1200 1256 (Noa
1213 1194 1348 1244 mutabo

158 1261 223 1312 sede
241 1261 381 1328 quaestor
399 1264 494 1315 aerisue
506 1263 618 1315 leuticia
635 1269 662 1313 tr
697 1261 754 1314 ldis
770 1278 833 1313 sera
849 1260 966 1312 sortitur
980 1261 1058 1318 ress.)
1078 1258 1159 1312 Stat.
1175 1259 1264 1312 Theb.
1280 1260 1346 1317 vm.

158 1330 186 1380 tt
209 1343 267 1395 sqq.
287 1329 315 1380 et
333 1327 427 1382 bland.
446 1329 479 1383 R.
499 1329 574 1384 Pros.
593 1330 630 1393 11,
651 1334 666 1381 3
685 1332 710 1383 2.
745 1328 785 1383 De
806 1344 879 1379 arao
901 1325 997 1379 iudicis
1024 1324 1186 1379 interorum
1213 1327 1250 1380 of.
1272 1328 1345 1381 etiam

159 1394 239 1463 Prop.
261 1393 293 1461 V,
311 1394 382 1462 (IV)
402 1400 442 1459 11,
464 1400 503 1450 19.
521 1401 550 1451 et
567 1403 609 1451 49.
627 1397 691 1452 Hor.
710 1395 761 1451 Od.
780 1395 817 1459 ΙΙ,
837 1398 861 1459 3,
879 1397 919 1448 26.
938 1392 988 1452 ΙΙΙ,
1011 1397 1033 1453 t,
1056 1397 1099 1446 15.
1118 1395 1185 1459 (nbi
1203 1413 1278 1447 ma
1296 1395 1344 1464 ipm

157 1469 244 1516 movet
262 1466 377 1525 senten).
396 1463 455 1518 Seu.
474 1466 495 1518 Δ
517 1481 570 1519 am.
589 1467 629 1518 24.
648 1464 718 1518 Stat.
737 1462 801 1516 Silv.
819 1461 856 1526 Π,
878 1465 900 1526 Ι,
919 1465 976 1515 218.
994 1459 1041 1513 all.
1062 1460 1104 1513 De
1124 1463 1263 1525 Minoi,
1281 1463 1342 1516 laris

159 1532 188 1583 et
206 1530 328 1598 Europae
346 1530 410 1598 lilio,
435 1482 636 1587 eraiamanthi
654 1535 682 1587 et
700 1531 736 1584 Sa
769 1530 862 1585 edonis
879 1530 972 1609 tratre,
991 1527 1036 1596 qui
1054 1529 1090 1582 oh
1109 1545 1262 1609 summam·
1275 1531 1341 1584 iusti

160 1598 236 1660 tlam,
266 1614 321 1666 qua
337 1597 480 1653 Cretenses
505 1603 619 1668 rexerat,
649 1603 677 1654 et
694 1599 728 1652 ob
759 1615 821 1667 eges
839 1602 1034 1666 opt1masase
1053 1595 1128 1650 latas
1149 1599 1233 1651 ruder
1254 1599 1341 1651 iniero

159 1681 218 1718 rum
237 1665 401 1719 constitutus
418 1671 469 1735 eet,
489 1668 549 1722 vide
566 1668 598 1723 Π.
617 1668 689 1730 xlv,
719 1670 778 1720 321.
807 1665 856 1719 Od.
875 1665 922 1725 xl,
941 1668 998 1718 567.
1030 1662 1108 1731 XIX,
1132 1669 1195 1719 178.
1226 1666 1339 1734 Apollol.

159 1731 240 1796 111‚1
273 1736 295 1784 2.
315 1732 381 1786 alios
399 1738 428 1787 et
446 1735 531 1789 Walz.
551 1737 577 1788 iu
597 1735 664 1789 Paul
702 1733 876 1801 Reulerreycl.
896 1733 927 1786 V.
948 1749 973 1801 p.
993 1733 1025 1782 67
1043 1748 1121 1801 sqq.;
1153 1733 1191 1787 de
1211 1736 1285 1787 omni
1300 1751 1339 1787 au·

125 1824 131 1832 =
158 1803 213 1852 tem
244 1773 293 1853 hoo
322 1800 379 1854 loeo
402 1801 499 1871 Haynii
518 1804 580 1858 lixo.
606 1803 641 1856 ad
664 1752 694 1860 h.
717 1802 733 1857 l.
759 1802 793 1855 da
814 1799 947 1854 iudicibus
970 1798 1119 1878 interorum
1150 1804 1291 1870 agentem.
1312 1834 1335 1843 —

158 1865 224 1926 433.
242 1868 395 1921 silentum
413 1870 594 1936 (umbrarumt
625 1868 677 1924 vid.
696 1870 730 1923 ad
748 1885 773 1925 v.
795 1869 864 1935 264.)
882 1867 1068 1920 eorreslsum
1086 1878 1218 1932 uocat,
1248 1876 1336 1922 nouat

141 1950 219 1988 ‘eum
251 1935 284 1988 iis
315 1935 454 1999 deliberet,
486 1939 534 1992 sed
556 1942 702 1993 uteorum
724 1936 795 1992 vitas
818 1935 906 1989 diseat
929 1938 957 1988 et
976 1934 1008 1987 de
1025 1934 1060 1986 iis
1079 1934 1204 1999 indicet3
1237 1937 1337 2006 ideoque

158 2001 304 2055 concilium
322 2002 390 2057 nihil
412 2005 485 2059 aliud
503 2009 554 2071 ost,
587 2022 668 2075 quam
688 2007 846 2063 conventus,
876 2005 904 2056 et
921 2019 1021 2055 vocare
1038 2001 1074 2054 ad
1095 2019 1137 2064 se,
1170 2006 1198 2057 iu
1219 2005 1335 2058 iudicium

158 2085 259 2123 vocare.
295 2071 390 2127 Asoon.
408 2071 543 2126 Pedianus
562 2073 597 2127 ad
614 2072 669 2126 Cio.
689 2073 763 2126 Verr.
781 2072 843 2126 Aet.
862 2071 885 2132 Ι,
911 2075 949 2123 lo.
967 2068 1037 2122 mule
1058 2068 1301 2137 legchouribira
1313 2082 1335 2125 et

158 2136 245 2190 intelli
265 2138 288 2190 it
304 2137 406 2192 iudices
426 2157 457 2193 ex
475 2141 578 2193 umbris
596 2140 689 2203 laotos,
708 2141 855 2208 eademque
875 2137 954 2190 lectio
972 2137 1054 2190 etiam
1073 2137 1221 2193 invenitur
1240 2141 1266 2193 in
1286 2140 1334 2193 Psi.

158 2155 268 2284 etUGpl.
287 2221 304 2257 a
323 2213 433 2284 m.'pr.';
452 2206 498 2260 sed
516 2223 577 2261 vere
595 2210 688 2262 censet
703 2208 809 2276 Wagn..
829 2205 936 2285 lumll'
956 2221 1002 2273 seq
1022 2248 1028 2258 .
1047 2213 1074 2284 et
1093 2208 1174 2259 vitae
1192 2209 1335 2261 uterinam

158 2273 241 2324 dares
269 2272 419 2340 Vergilium
455 2276 604 2341 oportuisse
639 2275 763 2332 scribere.
813 2275 857 2329 Sto
892 2276 977 2352 rgrtur
1045 2289 1105 2352 rntor
1139 2276 1332 2353 praeiudicium

158 2337 403 2486 qqaqppqpq
424 2342 882 2488 gi.33¹¹ltrll.il.⁸itl.tll¹?
902 2343 1271 2487 titirllfeetr’l
1289 2360 1334 2463 ”a

159 2472 230 2527 eedrt
256 2475 341 2543 igitur
380 2479 441 2530 otta
471 2478 669 2533 aGraeoorum
693 2478 803 2546 mythis,
831 2493 875 2546 qm
890 2476 1018 2547 Minoem,
1047 2430 1332 2532 Rhadanraullrumet

159 2543 277 2596 Aeaeum
295 2494 378 2597 simul
394 2544 520 2599 iudicium
539 2546 573 2599 de
589 2546 714 2600 Manibus
733 2546 863 2598 iacientes
881 2544 994 2621 tingunt.
1025 2542 1066 2598 cf.
1090 2544 1195 2611 Heynii
1214 2546 1278 2600 Era
1294 2545 1332 2598 ΙΙ.

158 2608 239 2663 adh.
259 2609 278 2662 l.
296 2643 327 2651 -
346 2610 405 2671 434
422 2630 479 2681 sqq.
499 2614 662 2667 Proxima
681 2615 758 2666 lora
776 2619 902 2672 teuent,
921 2615 952 2662 nt
973 2610 1044 2663 mira
1062 2626 1088 2662 v.
1108 2614 1172 2664 tes.
1193 2614 1331 2683 ,Magnam

158 2676 194 2730 ad
216 2677 414 2732 miserationem
436 2680 534 2733 extulit
560 2685 662 2735 sortem
688 2680 854 2747 miserorum,
881 2678 925 2747 qui
943 2677 995 2731 sihi
1014 2678 1065 2756 ipsi
1086 2678 1230 2734 violentas
1248 2697 1331 2734 manus

159 2744 283 2808 intulere,
311 2748 340 2797 et
369 2747 477 2816 quidem
507 2749 667 2810 insontes,
696 2747 770 2801 nullo
802 2747 912 2802 crimine
935 2745 1042 2814 polluti,
1074 2745 1124 2799 sed
1149 2748 1225 2802 vitae
1245 2748 1330 2810 taedio,

158 2816 267 2932 propter
284 2829 473 2868 aerumnarum
491 2817 596 2879 molem,
615 2833 668 2884 qua
686 2831 827 2884 oppressos
846 2831 875 2868 se
893 2813 1050 2866 videbant.“
1075 2813 1123 2866 He
1164 2860 1169 2868 .
1201 2816 1245 2870 Cf.
1264 2816 1330 2889 Prep

183 2920 190 2943 ,
212 2880 283 2947 (IV.)
304 2887 343 2948 ΙΙ,
364 2886 402 2935 rt.
421 2883 572 2937 Irnmuturu
589 2885 660 2949 licet,
678 2891 766 2937 tanum
782 2884 835 2935 boo
852 2900 908 2935 reon
923 2882 1009 2933 rosia
1028 2881 1096 2933 ueni.
1142 2882 1278 2944 ehrader.,
1296 2899 1331 2934 eu

158 2948 277 3001 {moratas
297 2950 412 3004 alienum
436 2951 552 3018 videtur,
582 2958 690 3020 praeter
713 2951 900 3006 necessitatem
926 2949 993 3001 coni·
1018 2948 1145 3013 iufamia
1165 2952 1210 3004 vel
1230 2953 1329 3003 irorata.

157 3016 282 3069 Ceterum
301 3017 453 3086 Conington
473 3019 524 3072 Ver
546 3020 619 3072 'lium
642 3018 686 3072 hio
707 3019 822 3072 fortasse
839 3017 957 3070 Lucretii
976 3016 1026 3078 ΙΙΙ,
1052 3019 1118 3069 Its
1141 3036 1168 3088 q.
1194 3035 1330 3072 memorem

158 3083 241 3136 lamae
258 3085 419 3152 suspicatur.
440 3117 469 3124 -
488 3036 552 3147 485
583 3087 634 3140 Pro
650 3103 811 3157 peperere
830 3085 882 3138 duo
900 3083 984 3138 Codd.
1005 3034 1157 3163 (blqretfl.
1180 3091 1210 3140 et
1229 3085 1331 3139 zulich-l

157 3167 295 3271 im
310 3168 370 3284 tlt}
384 3152 1330 3289 tttt'll‘blth.⁰tfli³¹l.sstl¹tlbil⁵.rt⁸tlt⁰tt1ffl

158 3285 241 3339 habet
258 3285 377 3354 longam.
397 3318 428 3326 ψ
447 3290 554 3342 larem
569 3262 699 3359 pernati
715 3289 756 3341 Ol.
774 3289 820 3353 lv,
841 3293 897 3342 451.
916 3286 1036 3340 Mortem
1055 3295 1138 3356 orat,·
1159 3297 1188 3342 to
1272 3289 1332 3343 orei

157 3371 278 3406 convena
297 3355 377 3408 tueri.
396 3386 429 3394 —
446 3355 511 3416 436.
539 3357 724 3409 Proiecere
743 3357 886 3419 asinius,
905 3356 998 3418 vitam,
1019 3358 1164 3423 tamquam
1182 3374 1242 3411 rem
1261 3358 1330 3411 silem

157 3423 186 3473 et
203 3420 410 3488 despiciendam.
444 3424 488 3476 Sie
505 3425 587 3477 etiam
605 3425 701 3479 Graeci
728 3427 820 3493 ψυχὴν
839 3445 857 3475 n
870 3423 1058 3488 ιοβάλλισέιαι.
1094 3423 1140 3476 Cf.
1160 3424 1286 3479 Oudend.
1304 3424 1330 3478 ad

158 3487 257 3542 Lucan.
276 3489 323 3550 lv,
346 3496 383 3544 16,
403 3493 431 3544 et
448 3491 543 3547 Graau.
561 3491 708 3546 alhusen.
727 3508 753 3560 p.
772 3496 829 3545 276.
849 3445 962 3545 blidetnr
979 3493 1071 3543 autem
1092 3495 1175 3558 poeta
1191 3496 1259 3546 ante
1278 3509 1330 3546 ocu·

158 3555 199 3608 los
217 3554 344 3609 hahuisse
356 3557 457 3611 Catull.
471 3558 566 3624 LXIV,
588 3563 627 3613 81.
647 3559 764 3612 Tireaerse
776 3577 832 3629 pro
848 3560 924 3611 ouria
941 3576 1042 3627 σοι-μω
1059 3558 1178 3611 Athenis
1196 3561 1332 3613 Proiirm

158 3624 508 3757 ι
811 3627 1331 3698 ...

157 3756 278 3810 vallent
300 3761 363 3812 cett.
389 3733 424 3812 ex’
437 3760 516 3814 Hom.
534 3760 585 3814 0d.
645 3800 651 3823 ‚
684 3764 734 3815 489
752 3778 810 3830 sqq.
838 3735 1000 3815 adunibrata
1017 3776 1084 3822 esse,
1115 3760 1240 3833 interpp.
1258 3764 1331 3817 aduo-

157 3828 227 3877 taut.
262 3824 304 3877 (ΙΙ.
323 3827 406 3879 etiam
422 3827 504 3882 Silius
523 3828 599 3892 XIII,
623 3833 680 3882 605.
700 3862 733 3869 -
752 3830 889 3883 aethere
910 3830 947 3881 ιἰι
964 3828 1043 3880 olto.
1079 3827 1140 3882 Via.
1159 3831 1330 3898 supraadr.

159 3897 214 3949 128.
237 3924 265 3932 -
286 3891 353 3953 438·
384 3894 476 3957 „Fas
494 3897 520 3949 h.
540 3896 557 3950 l.
576 3897 636 3951 iura
653 3897 814 3960 interorum
843 3912 902 3950 oum
932 3896 997 3948 alibi
1019 3895 1127 3947 omuino
1154 3897 1189 3950 ad
1216 3899 1277 3952 iura
1296 3898 1330 3950 di·

156 3960 219 4014 vina
245 3963 274 4014 et
301 3965 416 4017 naturae
446 3968 581 4032 spectet.“
619 3965 662 4018 He
689 3985 705 4018 ι.
734 3997 761 4004 -·
794 3965 862 4017 Far
893 3965 1019 4017 obstat.
1054 3961 1115 4016 Vid.
1148 3964 1184 4016 ad
1215 3965 1253 4029 ΙΙ,
1282 3970 1330 4018 ΠΙ.

156 4028 234 4082 Bern.
255 4028 304 4083 ΙΙΙ.
324 4031 484 4100 Minoraug.,
515 4048 593 4100 porro
611 4033 654 4087 lle
676 4073 692 4096 .,
723 4032 793 4087 (lud.
818 4036 846 4086 et
863 4032 942 4086 Bern.
963 4030 1000 4083 ll.
1016 4045 1085 4108 anm.
1104 4046 1160 4084 seo.
1178 4034 1331 4100 (iamnes

156 4096 232 4148 utin
250 4096 320 4150 Med.
339 4102 471 4167 superseri
492 4101 522 4153 ta
540 4101 670 4154 eorrectio
689 4117 782 4154 rursus
800 4116 878 4154 erasa
897 4100 945 4165 sit)
973 4113 1136 4165 omninoque
1153 4103 1186 4153 lt
1219 4102 1290 4155 inter
1305 4103 1331 4152 tt

154 4164 189 4216 ab
201 4164 285 4218 Henr.
298 4166 411 4221 collatos
424 4168 462 4221 Co
482 4168 508 4220 d.
521 4173 549 4221 et
560 4168 634 4223 Serv.
646 4168 741 4221 Dresd.
752 4168 883 4237 praebent
894 4166 1035 4220 lectionem
1047 4165 1122 4219 Fata
1135 4169 1257 4231 abetost,
1290 4183 1333 4221 nse

154 4231 232 4285 tinxit
247 4250 278 4285 ex
296 4235 342 4301 lV,
360 4240 430 4298 440„
451 4252 536 4316 neque
553 4236 648 4289 debuit
666 4237 699 4290 ab
712 4236 827 4290 Henrioo
841 4235 911 4303 (Tro.
929 4252 1011 4304 years
1024 4233 1067 4285 Vl.
1088 4250 1113 4300 p.
1131 4237 1175 4289 24.
1194 4240 1226 4290 et
1239 4237 1279 4291 Ph
1301 4235 1332 4289 ol.

153 4299 238 4355 XVII.
253 4317 277 4367 p.
291 4306 362 4369 635.)
394 4304 512 4358 raetorn.
526 4303 568 4356 (ii.
585 4305 666 4359 etiam
680 4304 758 4357 Ouid.
774 4303 855 4357 Trist.
867 4303 904 4367 ΙΙ,
918 4308 976 4356 205.
991 4302 1195 4370 Farproln'bet.
1210 4304 1333 4359 Ribbeck.

152 4368 234 4420 etlam
247 4368 291 4421 hio
304 4386 363 4424 curn
376 4321 434 4428 i'al.
451 4375 478 4426 at
491 4372 566 4426 ltom.
580 4373 674 4426 scribit
688 4380 787 4442 opem.
798 4403 830 4411 -
836 4371 945 4443 palae.
961 4370 1020 4425 Vid.
1034 4385 1065 4420 su
1086 4385 1117 4422 ra
1129 4386 1154 4425 v.
1168 4376 1232 4427 323.
1244 4377 1273 4427 ot
1284 4378 1336 4427 toa.

199 4434 256 4514 Pro·
266 4439 427 4506 tristique
440 4439 519 4492 multi
532 4441 616 4493 Codd.
634 4442 715 4508 (inter
727 4457 794 4511 quos
808 4440 877 4502 Pal..
892 4439 966 4492 Rom.
981 4441 1008 4493 et
1021 4385 1102 4499 (tui,
1123 4438 1247 4495 tortasse
1259 4443 1336 4495 etism

154 4499 235 4565 bled„
249 4520 276 4556 ιιι
293 4521 344 4572 qno
359 4510 493 4561 extremae
507 4508 579 4561 voois
591 4508 687 4564 literae
698 4525 790 4564 erasae
803 4512 878 4570 sunt)
897 4508 1083 4574 tristisque,
1098 4522 1154 4575 qna
1167 4507 1288 4565 lectione
1302 4527 1338 4563 re·

156 4573 244 4645 cepta,
266 4589 299 4626 ue
318 4573 371 4626 dno
389 4574 510 4642 epitheta
529 4576 574 4628 nni
592 4579 721 4632 vocabulo
739 4577 960 4657 adiungerentur,
987 4577 1036 4628 aut
1054 4573 1113 4628 loeo
1132 4577 1174 4629 sio
1192 4578 1337 4634 distincto:

155 4638 295 4705 teretisque
308 4642 403 4708 polea,
432 4643 590 4694 inamabilis
608 4647 693 4708 undo,
715 4646 781 4700 baec
796 4644 851 4699 ilhs
868 4661 917 4713 per
934 4643 1133 4712 appositionem
1151 4646 1256 4703 addita
1274 4649 1339 4705 aaa
