2872 4980
556 671 593 754 P.
620 669 807 754 vunnim
832 668 1036 753 nasonis

468 855 1124 990 AENEIS.

604 1091 742 1159 ninia
764 1090 968 1159 TERTIUS.

684 1262 891 1270 ———-——-

595 1373 994 1458 ARGUMENTUM.

275 1543 375 1596 Eversa
392 1542 471 1596 Troia
488 1541 591 1596 Aeneas
609 1542 728 1596 collectis
745 1559 852 1597 suorum
876 1535 996 1612 reliquiis
1016 1544 1166 1611 parataque
1190 1541 1263 1612 apud
1280 1543 1379 1596 Antan·

208 1610 286 1664 ‹lrum
310 1611 406 1680 viginti
423 1611 530 1664 navium
555 1610 639 1664 classe
665 1627 762 1665 novam
783 1611 900 1680 patriam
922 1626 1051 1679 quaerens
1075 1609 1195 1679 primum
1218 1610 1334 1664 considit
1352 1610 1377 1661 in

208 1678 323 1732 'l’hracia
352 1682 476 1745 (i-ia.).
512 1677 562 1731 Hic
588 1694 671 1732 novae
696 1678 770 1732 urhis
795 1678 973 1732 fundamenta
1001 1677 1100 1731 iaciens
1124 1680 1295 1745 proterretur
1318 1677 1378 1730 diiis

206 1746 337 1866 prodigiis
359 1762 407 1815 per
430 1745 592 1814 Polydorum
617 1745 851 1814 aPolymnestore
874 1746 989 1799 occisum
1014 1745 1113 1799 oblatis
1137 1750 1261 1813 (is-va.
1299 1748 1326 1798 et
1345 1743 1378 1797 ad

232 1813 305 1868 alum
320 1814 437 1868 insulam
454 1812 582 1878 defertur,
601 1814 647 1867 ubi
664 1815 699 1867 ab
716 1813 784 1867 Anio
802 1830 873 1882 rege,
891 1815 981 1868 vetere
999 1813 1133 1867 Anchisae
1151 1814 1253 1877 amico,
1302 1812 1377 1881 nigre

207 1883 337 1952 excipitur
358 1884 498 1962 ([3-83.)
535 1881 586 1936 Sed
604 1881 726 1935 consulto
748 1882 786 1935 ibi
803 1881 935 1961 Apollinis
953 1880 1060 1935 oraculo
1084 1882 1228 1951 antiquam
1256 1883 1375 1943 matrem,

205 1950 222 2003 i.
242 1966 265 2004 e.
314 1952 384 2004 entis
408 1966 471 2004 suae
499 1948 671 2012 incunabula,
690 1952 809 2018 repetere
830 1965 919 2002 iussus
942 1948 1064 2019 falsaque
1081 1948 1219 2003 Anchisae
1235 1949 1321 2019 patris
1340 1948 1378 2000 in·

205 1968 516 2096 terpregationeoraculi
535 2016 668 2071 adductus
686 2017 841 2096 incretam
859 2016 998 2070 contendit
1013 2019 1172 2085 (84431).
1209 2017 1309 2072 Verum
1322 2032 1376 2095 cum

205 2085 257 2149 ihi,
280 2086 374 2153 positis
400 2101 454 2139 iam
480 2085 632 2149 moenibus,
684 2085 811 2149 avessimo
828 2086 903 2154 peste
925 2088 953 2138 et
969 2083 1041 2139 fame
1059 2087 1218 2146 vexaretur,
1237 2085 1267 2137 in
1283 2100 1378 2138 somnis

204 2153 324 2272 pioipptus
348 2152 440 2273 stediis
458 2153 606 2273 Penapibus
627 2153 723 2274 reb'etta
740 2152 822 2274 Crppp
839 2151 1075 2273 tItaliamtatceepit
1092 2156 1199 2274 peterpd
1209 2155 1379 2273 (ppt-blasph.

204 2236 654 2369 Aiitttiltttitlttt
671 2236 819 2366 {sieilia
843 2235 1003 2356 cimitini
1016 2237 1234 2368 tanam
1250 2235 1378 2366 itherii

208 2357 335 2410 vaticinio
359 2372 453 2410 rursus
480 2373 507 2410 in
529 2356 618 2411 altum
640 2354 761 2410 evehitur
784 2357 956 2422 (isa-269.).
991 2355 1052 2409 lior
1075 2357 1187 2409 Actium
1218 2355 1325 2410 delatus
1352 2371 1377 2407 in

208 2421 334 2478 honorem
358 2424 491 2493 Apollinis
514 2425 656 2478 sollemnes
682 2422 761 2477 ludos
787 2423 909 2476 instituit
935 2425 1110 2490 (ivo-288.).
1145 2423 1215 2477 Inde
1238 2423 1377 2492 Corcyram

131 2520 133 2523 ·
207 2495 407 2572 praetervectus
417 2493 492 2549 venit
508 2493 536 2545 in
548 2492 668 2571 Epirum,
687 2491 734 2544 ubi
752 2491 787 2544 ab
796 2491 907 2554 Heleno,
921 2479 1026 2544 Priami
1035 2491 1101 2570 filio,
1111 2492 1157 2560 qui
1174 2491 1377 2571 Neoptolemum

203 2562 676 2712 naunotonensi
699 2557 1377 2747 samnatipmrienanat

203 2698 704 2826 t¹tl¹0htlititi⁵linnitn
721 2710 794 2815 tit
811 2693 932 2841 ttae
949 2693 1131 2841 titiam
1149 2694 1376 2817 {ididam

204 2835 232 2886 et
249 2847 318 2912 quae
336 2831 378 2906 vel
395 2831 481 2887 vitare
498 2830 541 2885 vel
559 2832 646 2887 iacere
664 2831 761 2884 debeat
781 2845 945 2908 praecipiens
962 2846 1068 2909 magnis
1080 2832 1239 2885 muneribus
1253 2831 1375 2885 donatum

204 2899 319 2953 dimittit
340 2902 514 2966 (356—505.).
532 2898 598 2953 Viae
615 2898 624 2952 i
662 2914 725 2952 arus
741 2898 845 2950 Aeneas
864 2896 958 2951 reheta
975 2897 1053 2967 Epiro
1071 2899 1220 2952 Tarentum
1231 2898 1375 2978 Italiaeque

203 2984 280 3022 oram
295 2971 495 3088 praetervectus
507 2967 614 3020 venita
651 2981 709 3020 eam
727 2964 831 3019 Siciliae
851 2967 966 3034 partem,
985 2981 1052 3035 quae
1069 2967 1174 3022 Aetnae
1188 2968 1276 3021 monti
1294 2967 1374 3020 vicina

203 3051 220 3089 a
243 3036 296 3105 Cyc
309 3036 404 3105 opibus
434 3035 569 3102 incolitur,
594 3036 623 3088 et
646 3036 752 3087 noctem
770 3031 887 3085 horroris
908 3032 1018 3153 plenam
1042 3036 1173 3104 transigit
1203 3036 1374 3103 (bot-wi.

202 3102 325 3157 Proximo
347 3119 425 3157 mane
446 3102 653 3157 Achemenidem
688 3101 723 3154 ab
741 3099 836 3168 Ulysse
861 3099 889 3152 in
930 3099 1034 3170 yclopis
1058 3104 1137 3156 antro
1162 3103 1288 3158 relietum
1315 3117 1373 3168 eup-

221 3171 300 3225 licem
328 3171 435 3240 recipit,
470 3171 632 3239 edoctusque
658 3169 691 3223 ab
719 3185 748 3222 eo
778 3167 811 3221 de
877 3166 984 3237 clopum
1009 3169 1045 3222 ini
1066 3171 1196 3240 rimisque
1222 3168 1373 3240 Polyphemi

203 3189 312 3293 feritate
340 3240 481 3308 conspecto
508 3239 566 3308 ipso
603 3235 766 3306 Polyphemo
792 3233 856 3288 audi
870 3251 937 3305 oque
965 3236 1022 3290 eiiii
1089 3238 1179 3308 elopes
1210 3235 1373 3293 convocantis

206 3306 322 3361 clamore
340 3322 451 3359 ancoras
476 3306 557 3360 solvit
581 3307 920 3383 (588ffl683.)·inemorque
939 3308 1141 3423 praeceptorum
1168 3306 1266 3361 Heleni
1287 3303 1373 3358 vitatis

203 3372 355 3442 Charybdis
379 3376 407 3428 et
432 3374 535 3443 Scyllae
556 3373 682 3443 periculis
705 3370 810 3427 Siciliae
834 3370 916 3425 htora
950 3388 1018 3441 ongo
1046 3374 1161 3428 circuitu
1184 3374 1371 3428 circumvectus

202 3441 313 3495 tandem
343 3441 498 3510 Drepanum
524 3440 683 3508 advehitur,
716 3439 762 3494 ubi
789 3437 919 3492 Anchises
960 3456 1039 3494 senex
1069 3441 1169 3510 longae
1198 3438 1370 3512 navigationis

203 3508 348 3562 iactatione
367 3508 504 3563 confectus
526 3509 597 3563 diem
616 3523 770 3578 supremum
792 3506 849 3559 obit
869 3508 1046 3574 redwit).
1070 3509 1137 3563 Inde
1154 3508 1267 3564 Italiam
1285 3511 1369 3577 petens

201 3575 323 3630 immissa
340 3577 374 3629 ab
383 3577 464 3630 Aeolo
483 3578 574 3632 subita
591 3577 754 3646 tempestate
773 3574 800 3626 in
813 3573 934 3628 Africam
946 3575 1078 3630 aufertur.
1092 3577 1142 3631 His
1162 3578 1257 3632 linitur
1270 3578 1365 3631 Aeneae

204 3645 335 3707 narratio,
356 3661 437 3714 quam
454 3644 524 3699 Dido
542 3644 635 3700 audire
653 3644 794 3714 optaverat
812 3643 987 3711 (ill-mh
