2782 4958
443 182 674 251 AENEIDOS
698 183 781 251 LIB.
803 185 860 250 VI.

68 342 211 409 Cernere
233 353 313 427 erat,
335 369 393 433 per
414 357 482 413 tota
503 371 619 414 novem
642 352 695 415 cui
717 351 831 436 iugera
851 371 970 438 corpus

66 426 261 512 Porrigitur,
282 440 453 517 rostroque
474 432 614 498 inmanis
636 433 743 499 voltur
764 432 891 499 obunco

65 508 243 575 Inmortale
264 512 355 576 iecur
375 514 513 579 tondens
534 514 738 602 fecundaque
761 518 874 603 poeuis

67 592 204 658 Viscera
224 594 426 683 rimaturque
448 597 554 683 epulis
575 598 764 684 habitatque
787 599 848 665 sub
871 598 936 664 alto

66 675 216 759 Pectore,
236 699 297 742 uec
320 678 411 744 fibris
430 703 466 745 re
490 682 559 745 uies
582 681 679 747 datur
699 681 767 746 ulla
788 684 920 748 renatis.

67 758 155 838 Quid
175 782 351 827 memorem
372 702 544 851 Lapithas,
561 764 679 831 Ixiona
698 764 966 855 Pirithoumque?

64 1080 116 1146 ΠΙ,
135 1085 183 1136 891
202 1099 262 1151 sqq.
281 1083 313 1149 (s.
332 1084 382 1135 984
400 1098 412 1134 s
432 1097 457 1151 q.
475 1080 597 1141 Lachml
614 1081 679 1136 lior.
700 1081 751 1137 04.
770 1081 807 1145 11,
838 1085 878 1148 14,
910 1085 934 1136 8.
959 1080 1011 1147 ΠΙ,
1038 1085 1063 1146 4,
1089 1086 1129 1138 11.
1161 1079 1238 1138 ovio.

65 1151 131 1204 11141.
149 1149 195 1214 lv,
213 1153 271 1204 456.
302 1150 361 1205 Am.
425 1152 492 1214 ,12‚
517 1154 557 1204 15.
587 1148 646 1203 Tib.
663 1149 686 1216 1,
705 1153 728 1215 3,
748 1153 780 1202 13
799 1165 856 1220 sqq.
887 1149 947 1205 Seu.
966 1151 1061 1219 Agam.
1083 1154 1144 1205 154
1181 1181 1240 1204 .-·

66 1219 259 1282 „alumnum
285 1216 414 1285 accipiam
438 1233 486 1286 pro
505 1216 569 1280 filio,
597 1215 1103 1296 41Η44144.γαίηςέρικὺδεοςυὶόν.
1138 1168 1241 1272 iilum

65 1288 157 1340 tamen
169 1285 300 1354 Interpp,
318 1286 427 1353 pettam
444 1284 559 1338 alteram
576 1287 760 1338 narrationem
777 1300 863 1355 seqm,
882 1301 935 1354 qua
952 1301 982 1339 ex
995 1284 1077 1339 111444
1088 1289 1239 1353 susceptus,

46 1369 82 1409 .a
99 1352 206 1407 Tellure
230 1356 308 1406 utero
329 1352 383 1405 luit
401 1354 554 1421 gestatus.‘⁴
591 1352 680 1419 Heps.
716 1351 811 1406 Potius
839 1368 854 1406 e
883 1357 964 1416 terra,
995 1353 1044 1408 snb
1067 1369 1121 1421 qua
1137 1352 1241 1421 Iupiter

65 1420 208 1489 gravidam
227 1419 336 1472 Elaram
356 1418 412 1473 irae
429 1419 539 1472 Iunonis
556 1419 718 1473 subtrahens
736 1419 898 1488 occuluerat,
916 1420 944 1475 in
963 1419 1051 1474 lucem
1069 1420 1180 1474 editum.
1199 1419 1239 1473 Cf.

66 1491 174 1556 ...a
332 1489 360 1540 ..
377 1486 773 1623 44444444
793 1487 1021 1608 e

66 1562 423 1702 {ethni'dmzmtiinidiiam
439 1622 481 1675 bis
501 1623 714 1691 mnrts'poreatcm
731 1622 799 1675 dixit
815 1622 852 1686 H,
879 1625 935 1677 706.
959 1624 987 1676 41
1005 1622 1123 1702 1,.260.
1147 1624 1241 1687 (259.);

65 1689 115 1745 alu
156 1690 243 1754 odd(
275 1689 315 1743 ed.
335 1705 351 1743 4
369 1706 403 1744 m.
422 1706 472 1758 pu,
499 1689 598 1758 fragm.
617 1689 688 1752 Vat,
716 1689 792 1744 11444.
811 1692 873 1751 etc.)
897 1705 959 1744 cum
975 1690 1108 1744 Arusrauo
1128 1692 1164 1810 (q).
1182 1692 1241 1742 229.

68 1757 202 1823 liudem.)
229 1760 257 1812 et
274 1756 363 1810 Nonio
391 1757 1026 1828 (4414444444.4441144444441444444,
1071 1756 1124 1810 4ο4
1153 1757 1242 1826 egitur

67 1825 152 1880 etiam
168 1824 197 1878 iu
214 1823 295 1880 suth.
314 1825 377 1879 Lat.
397 1823 420 1888 I,
439 1828 480 1888 45,
505 1828 539 1888 2.,
568 1823 616 1902 ubi
633 1824 715 1878 uerba
731 1831 821 1878 terrae
839 1827 1030 1895 omnipotentis
1046 1775 1185 1880 4114444444
1202 1840 1243 1878 44·

102 1894 211 1957 tumtur,
240 1891 287 1946 sed
314 1908 346 1946 ex
371 1907 396 1946 v.
418 1895 475 1947 592.
503 1893 648 1960 repetrtum
672 1891 787 1946 ridetur.
823 1892 900 1946 lahn.
924 1908 986 1946 vero
1015 1893 1049 1946 oh
1066 1892 1243 1962 plurimorum

66 1909 150 2015 diuo.
171 1975 331 2014 consensum
351 1959 495 2013 lectionem
512 1959 602 2012 minus
620 1958 754 2028 poeticam
772 1959 902 2023 restituit,
921 1976 1079 2029 comparans
1100 1960 1124 2012 O
1176 1977 1244 2029 pum

67 2029 276 2097 omnipotentem
299 2028 333 2089 X,
369 2031 390 2080 l.
414 2031 443 2081 et
468 2026 532 2093 XII,
562 2030 628 2091 792,
659 2026 735 2080 cuius
757 2029 856 2089 tamen,
886 2044 948 2081 cum
971 2028 1048 2082 sedes
1074 2028 1111 2081 sit
1152 2042 1244 2081 eorum

66 2095 292 2165 omnipotentium
311 2110 419 2164 prorsus
437 2093 519 2148 aliam
538 2109 605 2156 esse,
633 2095 716 2163 atque
733 2099 830 2156 terrae.
850 2095 990 2162 rationem,
1009 2111 1085 2163 quae,
1104 2097 1243 2163 tamquam

67 2166 111 2217 tot
129 2167 310 2217 monstrorum
328 2177 435 2230 parens,
456 2161 556 2215 rectius
574 2162 757 2231 omniparens,
777 2181 840 2232 παμ
867 2161 969 2230 iscipu,
989 2162 1150 2231 appellatur,
1171 2161 1245 2230 quis·

66 2247 120 2351 que
136 2230 218 2284 videt.
244 2230 331 2296 Quare
350 2228 430 2283 laudo
447 2228 582 2296 Ishnium,
595 2229 646 2298 qui
664 2229 692 2282 iu
709 2229 797 2283 altera
850 2229 889 2294 't.,
908 2232 1014 2284 mutata
1033 2229 1168 2285 sententia
1185 2243 1243 2293 sua,

77 2299 210 2353 actionem
230 2297 426 2367 444444ρα4444
442 2311 504 2349 oum
524 2295 717 2350 recentioribus
735 2296 812 2351 editt.
831 2298 955 2351 omuibus
967 2298 1104 2364 receperit
1125 2326 1158 2335 -
1178 2295 1245 2357 596.

69 2366 212 2420 Cernere
239 2373 321 2419 erat.
356 2363 417 2418 Vid.
435 2364 470 2417 44
488 2363 543 2417 1141.
562 2363 596 2427 X,
619 2366 660 2416 46.
679 2366 706 2417 41
725 2362 789 2417 Geo.
806 2364 853 2429 IV,
872 2368 931 2418 441.
950 2394 980 2403 -
998 2381 1058 2434 per
1085 2372 1158 2418 toto
1183 2381 1244 2416 ao·

66 2450 138 2487 vam
155 2436 218 2489 cett.
248 2432 356 2487 Homer.
373 2432 393 2485 l.
413 2432 432 2487 1.
451 2432 466 2483 ὁ
487 2431 511 2482 δ’
532 2431 576 2483 ἐπ’
597 2431 678 2484 ἐννέα
695 2436 772 2484 κεῖτο
790 2434 924 2497 14114644.
959 2431 1001 2484 Gi.
1020 2431 1098 2486 Ouid.
1128 2431 1146 2486 1.
1172 2430 1192 2483 l.
1219 2446 1243 2485 v,

67 2505 128 2555 451.
145 2517 292 2569 nouemque
310 2500 453 2568 1449444644
469 2499 600 2552 dramatis
616 2504 682 2552 erat
701 2497 759 2552 lib.
779 2497 798 2552 l.
816 2497 836 2550 1.
856 2498 1006 2552 Por-rectus
1021 2514 1117 2551 444444
1132 2513 1186 2568 per
1202 2498 1244 2549 ia-

86 2586 136 2623 eru
166 2576 257 2622 144444
285 2569 350 2623 cett.
368 2597 401 2605 -
418 2566 540 2621 voltur.
576 2565 708 2619 Homerus
730 2564 750 2618 l.
769 2564 787 2618 l.
819 2564 872 2619 duc
898 2565 1019 2619 vultures
1044 2566 1245 2619 commemorat.

66 2587 188 2704 ilterque
207 2638 288 2703 potia
310 2634 394 2688 habet
415 2635 562 2687 sectatores
580 2648 650 2687 suos.
685 2632 727 2686 cf.
745 2632 864 2686 Brcukh.
885 2633 921 2686 ad
937 2633 1037 2686 Tibull.
1056 2633 1074 2686 l.
1094 2631 1111 2689 l.
1131 2663 1162 2670 -
1180 2630 1245 2692 hili.

68 2706 215 2758 obuncos
232 2718 280 2770 pro
298 2703 418 2756 aduncus
436 2700 460 2755 14
482 2701 538 2754 ’144
556 2700 641 2754 etiam
659 2699 730 2753 14144
746 2699 793 2763 XI,
811 2704 868 2755 155.
888 2700 1107 2764 0414114411,
1126 2703 1184 2754 516.
1202 2715 1245 2767 ap.

69 2770 151 2826 eund.
174 2771 207 2825 de
229 2786 296 2825 nuce
315 2775 371 2825 115.
390 2786 408 2824 4
427 2809 433 2822 .
475 2767 548 2822 1444.
567 2767 598 2820 Β.
616 2767 689 2822 (1114.
707 2771 765 2821 rto.
791 2767 827 2821 al
851 2768 879 2822 et
902 2767 947 2821 hic
965 2768 1074 2836 quidem
1092 2783 1109 2820 4
1127 2766 1197 2820 Med.
1217 2767 1246 2819 et

68 2838 198 2893 Macrobii
217 2837 249 2900 V,
269 2843 293 2899 1,
314 2842 363 2899 14.,
433 2836 509 2890 arisii
525 2852 551 2903 p.
573 2838 627 2889 120.
659 2834 792 2903 Prohique
809 2838 862 2889 art.
881 2835 945 2890 min.
963 2839 1021 2889 510.
1039 2833 1123 2888 Codd.
1141 2833 1246 2888 exhibe·

69 2911 131 2969 tur;
161 2908 271 2960 adunco
288 2905 389 2972 legitur
407 2903 435 2957 iu
452 2903 522 2970 Pu,
553 2902 633 2966 (144,
663 2903 743 2956 Β444.
761 2903 798 2956 ll.
818 2919 860 2970 ap.
878 2902 994 2956 Macrob.
1016 2901 1062 2966 IV,
1095 2906 1120 2965 4,
1153 2906 1191 2954 15.
1219 2901 1247 2954 41

69 2973 158 3029 Schol.
178 2974 243 3026 Hor.
268 2972 319 3027 04.
338 2972 388 3032 111,
412 2976 437 3033 4,
460 2976 501 3024 15.
531 2968 600 3037 Quid
622 2969 707 3024 velint
728 2970 826 3039 fragm.
842 2970 914 3033 Vat,
939 2970 1024 3032 Rom,
1040 2968 1146 3031 Minor,
1165 2967 1246 3022 Beru.

68 3042 121 3096 ΠΙ.
148 3039 349 3096 410441144.
374 3039 504 3092 Macrobii
521 3037 553 3100 V,
582 3043 606 3104 1,
635 3041 674 3094 14.
705 3040 810 3091 macco
833 3037 990 3100 scribentes,
1020 3053 1072 3089 uon
1097 3035 1191 3104 liquet.
1213 3066 1246 3075 -

70 3109 106 3162 V.
124 3108 182 3169 598
200 3124 238 3176 sq.
257 3107 370 3176 exprimi
388 3105 559 3160 Homericum
575 3109 702 3178 Δέρτρον
721 3107 775 3159 ἔσω
792 3103 934 3170 δύνοντες,
952 3104 1139 3157 isamortale
1155 3105 1246 3157 autem

70 3178 167 3230 iscar
185 3191 242 3230 esse
259 3173 412 3229 Promethei
431 3163 508 3242 ἧπαρ
526 3171 673 3227 ἀθάνατον
688 3189 731 3242 ap.
750 3172 858 3228 Hesiod.
876 3173 975 3240 Theop.
994 3175 1062 3235 52³,
1082 3172 1167 3239 Heyn.
1188 3187 1247 3225 me·

71 3245 168 3298 morat.
204 3243 355 3297 Iamortole
384 3241 491 3302 dicitur,
523 3242 586 3309 qnia
615 3240 727 3294 adesum
744 3257 850 3309 semper
867 3239 1024 3295 renascitur.
1044 3272 1076 3280 —
1094 3240 1245 3302 tondens,

73 3313 107 3366 de
157 3325 228 3372 cens,
248 3309 388 3371 devorans,
408 3312 440 3362 ut
456 3308 506 3375 III,
527 3311 584 3363 531,
604 3306 667 3361 Geo.
686 3308 708 3370 l,
728 3312 766 3361 15.
786 3308 864 3362 Luer.
878 3309 913 3375 ll,
932 3312 991 3361 659.
1010 3307 1044 3363 al.
1063 3308 1091 3359 et
1109 3322 1151 3375 ap.
1165 3305 1246 3359 Hom.

72 3381 96 3435 0
117 3422 124 3433 .
142 3378 190 3444 XI,
210 3381 268 3431 577.
296 3383 370 3445 yrias
387 3405 401 3415 -
419 3405 434 3416 ·
451 3364 529 3445 ἧπαρ
547 3375 668 3441 iatronem
697 3375 829 3443 imprimis
852 3374 886 3430 cf.
906 3374 989 3430 Silius
1005 3373 1248 3442 mitescamus

70 3447 219 3501 tondeatur·
244 3444 417 3515 praecordio
443 3451 534 3497 rostro
563 3442 640 3496 alitia
668 3445 695 3497 et
714 3442 774 3497 Seu.
799 3443 896 3511 Agant.
937 3446 974 3496 18.
1005 3442 1053 3494 ilbi
1079 3444 1173 3495 tondat
1189 3440 1247 3494 ales

71 3516 159 3569 acido
173 3515 325 3580 secondum
340 3513 423 3567 14444.
457 3509 541 3564 Pauci
557 3509 667 3578 quidam
685 3509 768 3562 Codd.
788 3511 877 3563 minus
895 3512 967 3564 recte
983 3511 1105 3564 camare
1140 3507 1245 3562 Peerllu

73 3581 153 3637 malit
184 3582 285 3644 tondet,
314 3580 447 3650 simulque
479 3581 678 3643 commemorat,
705 3576 777 3630 huuc
803 3577 891 3631 locum
921 3577 1033 3646 exprimi
1054 3577 1089 3630 ab
1106 3575 1248 3630 Ambrosio

72 3651 100 3703 in
125 3647 209 3702 Tohia
228 3648 291 3715 XII,
312 3652 352 3702 41.
374 3648 412 3702 sic
436 3646 582 3700 scribente:
611 3645 751 3711 Echidna,
779 3646 918 3712 soeaaulo
941 3646 1038 3714 poeuis
1062 3644 1248 3699 4144444144-

72 3719 147 3772 beas.
217 3717 391 3780 „secennio
416 3714 535 3794 poenis
562 3714 694 3766 viscera
717 3713 796 3782 [quae
817 3714 898 3767 verba
919 3716 1026 3785 praeter
1044 3713 1165 3766 Ambros.
1191 3711 1210 3766 l.
1229 3710 1248 3764 l.

74 3785 158 3839 etiam
175 3785 269 3837 auctor
289 3783 399 3837 Medeae
416 3799 444 3836 1n
461 3781 544 3835 Auth.
563 3781 625 3834 Lat.
643 3780 665 3846 I,
687 3783 742 3846 118,
763 3784 805 3833 61.
824 3780 942 3848 repetiti,
973 3779 1054 3842 iecur,
1086 3779 1157 3849 quod
1174 3793 1249 3832 4444-

74 3851 162 3906 scitur
190 3850 226 3904 44
255 3867 353 3904 novum
381 3848 551 3919 supplicium,
582 3851 613 3901 ut
637 3848 736 3901 itemm
754 3848 812 3901 erui
830 3848 944 3916 possit.·‘
981 3847 1070 3916 Heyo.
1106 3846 1149 3900 Sic
1166 3846 1248 3899 etiam

74 3918 197 3975 Servius:
228 3917 377 3980 „secundas
407 3917 435 3970 iu
461 3917 605 3986 poenam,“
637 3918 669 3969 ut
687 3915 771 3982 igitur
788 3915 891 3969 viscera
918 3914 960 3968 lar
979 3931 1024 3968 am
1054 3910 1249 3966 continuandae

74 4002 176 4058 poenae
193 3986 335 4040 materiam
353 3985 481 4054 praebere
499 3984 634 4038 dicautur.
668 3981 765 4036 Nescio
781 3985 882 4046 tumen,
908 3998 943 4036 an
960 3931 1123 4059 ioniugtou,
1143 3994 1249 4057 compa·

76 4071 140 4109 raus
167 4054 314 4107 otmimbas
341 4055 441 4108 eutices
455 4054 597 4120 secundos
616 4050 677 4104 Geo.
696 4050 733 4111 11,
764 4054 832 4113 tlt,
861 4045 1247 4119 ,commemorationum

75 4122 186 4188 habeat,
218 4125 250 4175 ut
279 4121 445 4191 significetur
475 4121 539 4186 „tte
562 4118 734 4188 punishment
757 4117 835 4186 641444
858 4116 1006 4195 conecived
1028 4116 1063 4182 os
1075 4133 1108 4166 os
1125 4113 1250 4232 promit?

75 4191 161 4258 aloap
183 4189 247 4242 with
270 4190 313 4242 tlte
336 4189 479 4242 maerim
506 4188 542 4252 os
583 4186 758 4238 tenesmum
777 4216 809 4224 -
829 4185 953 4264 epatu,
983 4183 1017 4237 44
1048 4181 1149 4251 epulas.
1188 4179 1249 4233 Vr.

45 4257 183 4313 -aunott
214 4256 377 4319 44114111,
409 4258 450 4307 36.
479 4204 600 4318 homil,
631 4257 688 4307 315.
718 4252 754 4308 al.
774 4259 982 4305 -remotum
1009 4249 1064 4302 vid.
1091 4247 1126 4303 44
1144 4247 1249 4313 (1441,

77 4328 137 4379 384.
157 4327 185 4378 41
201 4324 266 4379 Aen.
286 4324 333 4386 Xl,
350 4326 408 4377 148.
444 4321 539 4374 Verbis
557 4323 648 4374 antem
666 4321 805 4372 4444444144
820 4318 911 4390 epulis
927 4319 1009 4373 etiam
1026 4317 1167 4370 Maecenas
1185 4330 1250 4367 usus

77 4395 138 4448 erat
154 4393 254 4448 Seneca
271 4394 342 4445 teste
360 4390 382 4442 Ε
401 4389 445 4443 ist.
466 4391 522 4451 114,
543 4393 566 4440 5.
588 4419 622 4426 --
641 4387 708 4440 Cum
726 4403 750 4443 v.
771 4386 835 4447 600.
860 4387 894 4441 41.
913 4386 992 4440 liuor.
1010 4385 1031 4452 l,
1049 4387 1107 4437 992.
1126 4384 1164 4436 At
1179 4399 1252 4436 netur

76 4461 209 4515 nimirum
236 4462 344 4528 requies
372 4408 441 4512 «itta
468 4456 674 4526 principiorum
696 4454 734 4507 Co
772 4455 865 4507 oritate
890 4453 970 4506 oolla
998 4460 1044 4506 est.
1064 4483 1096 4492 -
1114 4449 1168 4510 601
1192 4466 1250 4518 sqq.

79 4528 174 4594 „Duos
191 4527 301 4581 Homeri
316 4527 389 4581 locos
407 4527 470 4580 aute
487 4524 578 4579 oculos
594 4521 698 4584 habuit,
718 4521 741 4577 Ο
761 4565 767 4576 ,
785 4520 832 4584 XI,
851 4522 910 4574 581.
928 4519 962 4574 44
979 4518 1094 4573 Tantalo
1112 4521 1140 4572 et
1157 4534 1181 4571 v.
1193 4521 1251 4572 592.

77 4595 113 4652 44
131 4592 253 4664 Sisypho,
285 4594 405 4650 fabulam
422 4596 513 4648 temen
532 4592 613 4647 411441
633 4606 650 4644 4
667 4588 772 4658 vulgari
788 4589 891 4643 ratione
910 4587 1055 4642 diversam:
1085 4586 1204 4641 Ixionem
1223 4585 1252 4637 et
