2648 4966
87 186 93 207 '
203 227 240 292 12
551 223 589 291 Ρ.
610 223 797 290 vuscrnr
816 222 1014 291 MARONIS

199 389 264 456 Hic
284 411 397 455 currus
418 390 492 466 fuis
513 388 576 457 hoc
596 413 731 477 regnum
753 391 815 457 dea
834 392 984 478 gentibus
1004 415 1085 476 esse,

200 471 236 539 Si
256 495 320 561 qua
340 473 410 539 fata
432 474 549 557 sinant,
570 475 636 539 iam
657 488 724 540 tum
742 474 908 564 tenditque
926 477 1086 564 fovetque.

218 710 304 761 ‚202
323 707 360 761 bn
380 706 454 761 ulmis
471 706 587 761 Pausan.
604 705 670 770 VII,
687 709 716 770 4,
735 709 760 761 4.
779 709 807 761 et
823 706 907 762 Varro
927 723 968 778 ap.
991 706 1114 763 Laetant.
1135 708 1204 762 Inst.
1223 707 1250 771 Ι,
1277 709 1286 760 l

197 726 238 830 hs.
266 775 347 829 etiam
392 777 494 829 sctant.
517 774 551 829 ad
573 773 642 828 Stat.
665 773 747 831 Theb.
768 774 795 837 I,
821 778 878 830 261.
901 792 927 845 p.
951 777 992 830 27.
1015 776 1045 830 A.
1064 775 1152 830 Schol.
1169 774 1290 830 Lucani*

197 847 256 897 458.
286 861 314 912 p.
345 846 403 897 637.
435 846 463 897 et
493 859 558 912 quos
588 842 726 910 praeterea
754 842 850 898 laudat
866 843 958 963 Unger
987 843 1020 897 de
1049 843 1144 913 Valgia
1173 843 1243 897 Rufo
1261 860 1285 913 p.

198 912 330 966 Homerus
347 912 438 966 tamen
456 910 490 964 ΙΙ.
508 909 563 970 IV,
586 912 628 962 52.
663 909 772 964 Samum
788 911 859 965 inter
879 928 911 965 ur
931 928 958 965 es
973 911 1072 968 Iunoni
1089 912 1203 965 maxime
1220 927 1290 965 caras

197 981 394 1034 commemorat.
430 978 489 1031 Vid.
521 977 592 1031 inira
620 976 655 1031 ad
686 993 709 1032 r.
742 982 783 1033 24.
813 1011 846 1018 -
875 980 981 1046 anapia
1011 980 1159 1033 omnibus
1182 997 1282 1046 unaco,

167 1098 169 1105 .
196 1063 277 1101 unam
297 1047 415 1100 omnium
440 1046 568 1108 maxime,
600 1063 682 1098 unas
707 1047 777 1100 enim
796 1062 875 1117 saepe
891 1046 929 1101 Su
947 1046 1067 1101 erlatiria
1084 1046 1147 1101 adin
1187 1047 1252 1110 tur,
1275 1061 1290 1098 u

194 1118 253 1171 426.
273 1114 329 1182 (ubi
346 1114 399 1168 vid.
418 1114 545 1175 adnottt,
564 1128 623 1166 raro
643 1112 848 1182 Comparativis,
866 1115 899 1167 ut
916 1063 949 1169 ah
968 1115 1031 1168 Hor.
1052 1114 1136 1184 Epod.
1210 1112 1290 1177 ,cl

196 1180 721 1306 ttttttt‘t'ttttsnl
737 1182 963 1305 &stetit
980 1181 1206 1304 mdihffitliit
1224 1181 1270 1243 n

196 1269 305 1373 habent.
341 1318 384 1373 ef.
414 1316 470 1372 Ecl.
499 1318 541 1379 11,
561 1318 593 1369 60
611 1267 651 1371 sq.
676 1319 704 1370 et
718 1268 775 1381 hl,
794 1322 826 1372 59
844 1292 884 1387 sh.
922 1267 1012 1387 iciqrie
1035 1317 1140 1372 adnott.
1158 1267 1201 1355 p-
1225 1265 1290 1370 nlihgi

196 1386 306 1449 Samo;
325 1386 379 1440 bic
401 1384 437 1440 ci.
456 1384 560 1439 adnott.
579 1385 613 1437 ad
626 1335 690 1463 hcl.
705 1384 746 1448 II,
771 1387 813 1439 24.
831 1388 859 1439 et
875 1389 918 1439 53.
934 1385 1102 1454 Peerlkamp.
1122 1388 1149 1439 et
1167 1386 1200 1439 ob
1218 1384 1282 1438 hen.

196 1457 254 1508 286.
286 1457 314 1509 et
346 1455 381 1508 ob
411 1452 470 1507 Silii
497 1453 520 1515 Ι,
551 1453 591 1505 26.
621 1451 754 1521 Statdqne
782 1451 864 1506 Theb.
892 1453 927 1514 II,
958 1456 1015 1506 252.
1038 1453 1123 1516 locos,
1159 1470 1207 1507 uos
1227 1468 1290 1506 ern

195 1521 301 1576 fluxisse
320 1522 414 1591 putat,
446 1525 454 1584 (
475 1520 606 1589 uibusqne
629 1519 701 1574 haud
720 1518 799 1574 dubie
818 1519 967 1575 addidisset
983 1520 1054 1574 infra
1074 1537 1100 1576 v.
1126 1470 1183 1585 ii„
1208 1520 1261 1574 nisi
1282 1535 1290 1573 ε

195 1590 266 1644 hunc
283 1589 405 1686 spurium
424 1536 545 1648 haheret)
565 1587 686 1665 „mallet
702 1587 832 1655 Virffl'lius
850 1587 893 1642 hic
904 1588 1055 1658 scripsisset
1091 1587 1235 1642 abactas
1251 1586 1290 1641 col

195 1658 297 1725 Aspia·
342 1655 402 1711 Non
420 1658 512 1710 tamen
529 1670 634 1724 oplnor,
654 1654 881 1725 Peerlkampinm,
905 1658 1007 1736 quanta
1025 1657 1062 1710 sit
1103 1656 1136 1710 iri
1153 1655 1227 1710 doct.
1243 1653 1290 1709 and

196 1725 272 1778 nobis
290 1722 360 1778 uelle
397 1721 547 1785 ersuadere,
566 1739 626 1777 vere
645 1739 662 1777 a
678 1723 731 1776 Ver
752 1723 796 1775 '⁰0
815 1723 854 1778 ita
871 1726 1002 1794 scriptum
1018 1740 1084 1779 csse.
1107 1722 1168 1778 Vid.
1187 1723 1277 1787 etiam

196 1791 274 1871 Iahn.
294 1740 396 1846 Arnai
408 1789 428 1845 l.
444 1791 462 1845 l.
482 1808 509 1861 p.
528 1792 561 1843 25
581 1808 622 1860 sq.
640 1793 669 1845 et
685 1790 796 1845 Siebelis
814 1809 839 1861 p.
862 1794 886 1846 8.
904 1795 1073 1846 contiacum
1093 1791 1243 1861 disputant.
1260 1821 1290 1830 -

196 1859 283 1923 „Hac
300 1859 402 1913 illius
420 1877 520 1924 erma,
538 1858 591 1912 hic
609 1876 727 1911 carras
737 1859 829 1927 fuit:
846 1858 936 1924 dueta,
967 1861 1023 1923 ute,
1045 1859 1082 1914 rei
1094 1859 1183 1928 imago
1201 1859 1236 1914 ab
1247 1860 1290 1912 aut

195 1927 329 1991 heroibus,
366 1927 395 1980 ui
413 1927 535 1981 curribus
552 1926 622 1980 vecti
644 1925 678 1980 ad
700 1943 818 1996 pugnam
837 1875 1057 1997 sgreffiehantur,
1085 1926 1195 1981 reduces
1213 1928 1290 1998 auten

196 1995 225 2048 in
241 1994 298 2049 loco
316 1997 359 2048 tec
407 1994 575 2049 collocabant
593 2011 624 2048 ac
637 1995 807 2062 reponebant,
826 2011 852 2050 r.
869 1995 903 2050 ss.
921 1995 997 2056 vm,
1016 1998 1074 2049 441.
1095 1994 1128 2056 V,
1149 1998 1222 2056 194.;
1240 1996 1290 2047 trac

194 2063 250 2126 illa,
280 2065 313 2115 ut
340 2062 403 2125 aba,
434 2063 468 2116 ad
498 2061 570 2124 deos,
600 2062 696 2132 quibus
724 2078 817 2116 currus
847 2063 889 2117 sui
920 2064 1026 2124 essent,
1045 2062 1135 2130 quiin
1154 2060 1279 2126 isiacis,

212 2130 365 2184 ctissimum
390 2129 592 2199 frequentarent
613 2128 651 2183 dii
676 2132 704 2183 et
722 2130 850 2192 colerent,
874 2133 1075 2200 reponerentur.
1109 2129 1162 2184 Pro
1180 2129 1281 2183 talibus

193 2149 328 2253 habentur
367 2197 433 2251 ceth
456 2214 503 2252 eae
527 2199 607 2251 urbes
635 2213 718 2266 eaque
734 2198 806 2260 loca,
826 2214 893 2268 qnae
911 2198 1054 2253 celebriore
1071 2197 1162 2266 aliqua
1180 2197 1290 2264 religion

194 2267 320 2321 claruere.
379 2266 488 2335 gregim
504 2262 574 2320 hanc
593 2265 620 2318 in
639 2281 694 2318 rem
714 2264 789 2319 locus
805 2265 839 2318 Π.
858 2265 934 2330 XIII,
954 2270 983 2320 21
1005 2282 1074 2387 ⁸th
1086 2264 1128 2385 d}
1142 2265 1224 2386 heffa
1241 2263 1290 2333 Nep

1075 2373 1082 2386 .
1136 2374 1142 2397 ,
1168 2355 1174 2384 ι
1242 2350 1255 2385 s

194 2402 289 2469 Odyss.
307 2400 344 2461 V,
368 2402 438 2461 381.)
461 2402 541 2455 notus
560 2404 609 2454 cst.
627 2400 720 2454 Burni.
738 2400 834 2454 laudat
850 2401 910 2455 Val.
936 2400 977 2454 m.
1002 2401 1040 2463 V,
1065 2403 1140 2455 1843*
1170 2348 1290 2470 Qus

193 2469 262 2523 Stat.
282 2467 366 2522 Theb.
384 2465 446 2531 XII,
470 2470 526 2522 298.
546 2469 631 2537 Heyn.
650 2471 787 2536 praeterea
804 2467 837 2522 de
853 2468 956 2522 Iunone
978 2469 1068 2537 ἱππίᾳ
1094 2469 1122 2534 (i.
1140 2484 1162 2523 e.
1182 2482 1290 2523 currus

179 2536 334 2615 ,Olympiae
351 2536 425 2590 culta
443 2535 613 2590 Pausaniam¹
624 2535 656 2602 V,
677 2539 716 2590 15.
734 2553 760 2605 p.
779 2539 850 2599 414,
870 2539 898 2590 et
933 2535 986 2590 uod
1004 2535 1114 2590 adeius
1131 2554 1238 2601 arma,
1257 2534 1290 2589 ha

193 2604 372 2725 (potissimum,
404 2603 513 2666 attinet,
545 2603 578 2657 de
603 2599 676 2671 Ἥρᾳ
707 2603 851 2674 ὁπλοσμίᾳ
876 2554 953 2657 unic
977 2603 1049 2657 culta
1071 2603 1272 2673 Lycophronem

213 2675 251 2725 10.
272 2673 329 2724 848.
349 2671 460 2725 conferri
478 2670 560 2725 iubet.
580 2670 665 2736 (Infra
684 2670 721 2732 II,
741 2673 800 2725 614.
819 2672 901 2725 etism
919 2671 986 2726 Iuno
997 2675 1085 2742 fesso
1097 2672 1290 2740 accinctoappr

193 2738 331 2808 Expressit
360 2738 431 2793 hunc
462 2739 551 2793 locum
581 2738 659 2794 Ouid.
687 2737 763 2793 Fast.
793 2739 845 2804 VI,
876 2743 918 2794 45.
947 2738 1106 2807 Paeniteat,
1134 2741 1213 2808 qaod
1231 2757 1286 2792 oon

196 2806 371 2886 Cartbnqiasls
393 2823 482 2871 arces,
508 2805 575 2860 oum
599 2823 660 2860 mcc
680 2805 736 2859 aiot
757 2807 808 2860 ello
830 2825 928 2861 carrae
944 2814 969 2860 et
986 2824 1065 2860 ama
1082 2807 1153 2862 loco.
1189 2806 1290 2861 Geteru

193 2874 327 2928 Aduerbio
348 2874 393 2927 bic
413 2890 461 2944 prc
484 2874 544 2928 illic
588 2874 656 2928 csitc
683 2873 870 2944 (utapNep.
889 2874 948 2928 htt.
967 2874 1148 2938 2,3.1s·cita
1165 2874 1245 2941 visst)
1262 2890 1290 2944 pr

194 2943 267 2996 Serv.
286 2938 365 2996 adh.
384 2940 403 2995 l.
422 2941 476 2997 rid.
496 2891 586 2997 Hand?
605 2942 682 2996 Iuro.
702 2942 751 2996 III.
770 2960 797 3011 p.
816 2945 868 3005 ¹17,
889 2942 922 2996 de
939 2943 1061 3011 correpta
1077 2943 1169 2996 autem
1186 2942 1274 2996 forma

194 2333 285 2388 saeris.
320 2333 430 2386 Iunonis
460 2334 551 2387 autern
584 2349 678 2387 currus
705 2349 719 2386 e
747 2331 830 2386 nobili
847 2333 956 2387 Homeri
972 2331 1030 2387 loco

229 3011 342 3064 natta
413 3026 447 3063 c.
498 3052 504 3075 ,
535 3013 572 3074 I.,
599 3012 628 3064 et
667 3026 681 3063 e
725 3011 788 3063 erbo
806 3026 918 3080 pronmr
962 3026 1057 3063 ommrs
1101 3025 1290 3079 umernm‘seq·

193 3009 228 3065 ad
343 3008 491 3064 dElI
648 3009 724 3062 dV
873 3009 1100 3064 ''N'‘N

193 3096 285 3145 orma,
310 3095 407 3132 marna
429 3078 498 3142 fait)
521 3076 555 3133 ad
578 3076 635 3131 Ecl.
654 3077 683 3139 I,
707 3078 747 3130 58.
768 3107 800 3115 —
819 3076 862 3138 17.
882 3077 926 3139 18.
944 3077 1034 3146 Cupit,
1054 3076 1186 3131 utCarth
1223 3093 1290 3146 orep

192 3146 327 3225 gentium,
358 3147 440 3224 caput
470 3145 574 3215 imperii
606 3147 739 3224 terrarum
775 3143 1077 3226 situquemodmcdum
1107 3144 1168 3200 Val.
1187 3094 1237 3199 igi.
1256 3144 1283 3209 I,

193 3216 278 3292 canit:
297 3213 343 3266 Ea
363 3229 449 3280 ereas,
468 3230 602 3293 manebam
615 3211 732 3282 populea
746 3212 910 3334 stssma
927 3221 1030 3294 cuncte
1054 3211 1153 3293 Reque
1174 3214 1274 3279 υάιπι).

194 3282 296 3419 w
320 3279 729 3428 ,pidiliitnihlhissn'
746 3346 790 3408 18.
815 3281 1075 3417 elocasse
1086 3280 1290 3401 “timi

193 3415 265 3485 apud
316 3365 498 3470 or.0d.1h
538 3419 582 3477 14,
603 3419 642 3469 19.
673 3433 698 3469 ει
797 3415 888 3486 potuit
914 3423 1055 3485 aequatem
1102 3415 1189 3469 allero
1210 3423 1290 3479 testa,

193 3483 249 3562 noli
267 3482 426 3551 coniungere
485 3490 593 3562 stema,
611 3482 688 3561 Ouid.
747 3483 792 3537 't
809 3483 836 3545 Ι,
856 3487 884 3548 5,
909 3487 949 3537 ti.
974 3482 1108 3563 Demisai
1127 3482 1155 3536 ει·
1174 3502 1231 3552 quaa
1251 3501 1290 3536 rac

193 3569 239 3604 ara
284 3557 352 3603 otest
374 3550 424 3603 etc.
484 3550 518 3604 rd.
543 3550 646 3630 adnott.
670 3549 704 3604 ed
726 3550 783 3603 Ecl.
807 3550 858 3615 IX,
893 3554 931 3606 14.
958 3550 1001 3604 ct.
1030 3553 1112 3605 etism
1137 3550 1204 3605 Aen.
1230 3550 1282 3613 VI,

193 3618 241 3682 IV,
259 3568 320 3696 ihi.
341 3618 369 3671 et
385 3617 433 3681 XI,
453 3622 511 3672 701.
529 3618 638 3687 Repetit
655 3616 720 3672 haec
737 3619 819 3672 verba
835 3619 929 3685 suctm
946 3618 1072 3698 carmin
1090 3617 1172 3698 Anth.
1190 3618 1253 3672 Lat.
1272 3617 1290 3681 I,

192 3689 233 3740 60.
252 3683 373 3739 Dretsch.
398 3684 416 3738 1.
439 3683 463 3740 l.
488 3684 522 3740 ad
540 3686 606 3740 haec
623 3686 705 3740 verba
722 3685 847 3740 adnotat:
873 3687 963 3749 „Iuno
981 3685 1085 3740 audrnt
1108 3685 1216 3755 qmdem
1240 3686 1273 3739 de

194 3752 241 3808 sed
264 3754 312 3806 aut
333 3768 398 3805 num
416 3768 478 3807 vera
498 3753 561 3817 sint,
608 3768 659 3807 uae
677 3752 822 3816 audiverit,
840 3752 957 3816 dubitat,
978 3754 1027 3808 aut
1043 3758 1075 3808 ut
1092 3770 1123 3808 er
1141 3753 1207 3808 fatis
1222 3754 1290 3823 aliqu

194 3838 272 3877 suum
283 3821 477 3940 nsuffiortere
508 3822 583 3884 escit,
628 3823 720 3875 turum
734 3822 852 3941 egerat?
873 3822 915 3903 cf:
932 3821 1002 3876 infra
1021 3838 1044 3876 v.
1063 3824 1094 3876 37
1113 3838 1202 3901 sq.·--
1220 3822 1287 3903 Iunc

195 3887 1290 4039 estatemdisset·>reseruassssmc

195 4028 261 4146 m
277 4022 1121 4172 {sctit,fremescetessetecum·
1135 4024 1290 4147 essct

143 4168 147 4185 ‘
195 4159 366 4238 profectum‘
388 4159 532 4239 significan
554 4161 664 4239 censet..
684 4159 947 4240 Praesentianautem
970 4108 1101 4213 ostendere
1118 4176 1172 4241 uon
1189 4177 1280 4230 posse,

195 4228 280 4281 cerda
297 4229 325 4281 et
336 4229 419 4294 fovet
438 4227 559 4308 studium
581 4227 666 4281 futuri
683 4244 698 4281 e
715 4230 812 4308 ventus
829 4228 993 4298 srgnrficcnt,
1013 4229 1041 4281 et
1058 4227 1195 4306 Infinitive
1214 4243 1281 4281 esse

195 4296 278 4357 cetur,
299 4293 445 4358 „Iunonem
463 4313 514 4349 non
534 4293 602 4349 rllud
620 4296 707 4349 solum
724 4312 867 4365 cupivisse,
886 4297 918 4348 ut
933 4293 1073 4375 Carthago·
1085 4294 1230 4365 ahquando
1256 4311 1290 4362 rep

194 4362 317 4484 &utinm
335 4361 423 4427 fleret,
446 4363 493 4417 sed
511 4366 542 4417 ut
583 4364 690 4417 entibus
712 4363 835 4433 [semper]
853 4367 956 4430 esset,“
981 4363 1118 4417 verissime
1141 4361 1220 4416 docet
1247 4363 1290 4416 Dic

236 4429 287 4484 eol.
328 4427 527 4568 Vergffieglt.
593 4448 621 4486 es
639 4430 723 4487 Codd.
737 4430 808 4500 apud
838 4429 930 4484 Bnrm.
955 4432 1124 4500 favetque
1165 4429 1235 4500 quod
1260 4447 1290 4484 re

197 4498 273 4552 iubet
290 4496 399 4577 Becher.
491 4498 585 4577 Item.
601 4516 630 4619 g.
652 4503 707 4553 104.
725 4497 776 4553 Sed
795 4513 855 4551 cnm
866 4497 1008 4567 praecedat
1018 4499 1112 4559 scutit,
1124 4472 1224 4571 Wagn.
1232 4498 1288 4552 veri

192 4566 289 4618 censet
310 4565 411 4634 reqmrr'
432 4565 531 4620 icrtms
555 4583 602 4622 rer
620 4584 679 4633 um,
694 4570 808 4637 fovere,
826 4582 878 4620 non
895 4567 1031 4637 ignavius,
1046 4568 1155 4635 secere.
1191 4566 1289 4619 Cetera

173 4631 272 4685 Plaut.
288 4631 391 4687 Bacch.
417 4633 445 4698 V,
468 4637 493 4702 i,
513 4639 536 4690 1.
558 4635 648 4700 &sam
664 4635 753 4706 ιιιαρίι
770 4634 994 4708 inpectcscmec
1013 4637 1104 4703 tocco,
1125 4651 1281 4703 queam
