<?xml version="1.0" encoding="UTF-8"?>
<!DOCTYPE html PUBLIC "-//W3C//DTD XHTML 1.0 Transitional//EN"
    "http://www.w3.org/TR/xhtml1/DTD/xhtml1-transitional.dtd">
<html xmlns="http://www.w3.org/1999/xhtml" xml:lang="en" lang="en">
 <head>
  <title>
</title>
<meta http-equiv="Content-Type" content="text/html;charset=utf-8" />
  <meta name='ocr-system' content='tesseract 3.04.00' />
  <meta name='ocr-capabilities' content='ocr_page ocr_carea ocr_par ocr_line ocrx_word'/>
</head>
<body>
  <div class='ocr_page' id='page_1' title='image "./opera06virggoog_0300.png"; bbox 0 0 2850 4980; ppageno 0'>
   <div class='ocr_carea' id='block_1_1' title="bbox 175 156 1019 238">
    <p class='ocr_par' dir='ltr' id='par_1_1' title="bbox 175 156 1019 238">
     <span class='ocr_line' id='line_1_1' title="bbox 175 156 1019 238; baseline -0.009 -2"><span class='ocrx_word' id='word_1_1' title='bbox 175 175 234 238; x_wconf 84' lang='grc'>666</span> <span class='ocrx_word' id='word_1_2' title='bbox 545 160 582 234; x_wconf 86' lang='grc' dir='ltr'>Ρ.</span> <span class='ocrx_word' id='word_1_3' title='bbox 608 156 795 232; x_wconf 78' lang='grc'><strong>66166111</strong></span> <span class='ocrx_word' id='word_1_4' title='bbox 816 158 1019 229; x_wconf 78' lang='lat' dir='ltr'>MARONIS</span> 
     </span>
    </p>
   </div>
   <div class='ocr_carea' id='block_1_2' title="bbox 100 329 1350 840">
    <p class='ocr_par' dir='ltr' id='par_1_2' title="bbox 175 329 1346 502">
     <span class='ocr_line' id='line_1_2' title="bbox 177 329 1346 422; baseline -0.009 -21"><span class='ocrx_word' id='word_1_5' title='bbox 177 338 245 402; x_wconf 90' lang='lat' dir='ltr'>Nos</span> <span class='ocrx_word' id='word_1_6' title='bbox 267 334 380 422; x_wconf 90' lang='lat' dir='ltr'>pavidi</span> <span class='ocrx_word' id='word_1_7' title='bbox 398 332 564 420; x_wconf 85' lang='lat' dir='ltr'>trepidare</span> <span class='ocrx_word' id='word_1_8' title='bbox 585 341 673 398; x_wconf 93' lang='lat' dir='ltr'>metu</span> <span class='ocrx_word' id='word_1_9' title='bbox 694 333 880 419; x_wconf 79' lang='lat' dir='ltr'>crinemque</span> <span class='ocrx_word' id='word_1_10' title='bbox 899 329 1097 416; x_wconf 83' lang='lat' dir='ltr'>flagrantem</span> <span class='ocrx_word' id='word_1_11' title='bbox 1302 342 1346 392; x_wconf 80' lang='grc'>665</span> 
     </span>
     <span class='ocr_line' id='line_1_3' title="bbox 175 412 1052 502; baseline -0.008 -17"><span class='ocrx_word' id='word_1_12' title='bbox 175 420 341 485; x_wconf 83' lang='lat' dir='ltr'>Excutere</span> <span class='ocrx_word' id='word_1_13' title='bbox 363 427 396 483; x_wconf 91' lang='lat' dir='ltr'>et</span> <span class='ocrx_word' id='word_1_14' title='bbox 417 426 546 482; x_wconf 87' lang='lat' dir='ltr'>sanctes</span> <span class='ocrx_word' id='word_1_15' title='bbox 567 418 770 502; x_wconf 82' lang='lat' dir='ltr'>restinguere</span> <span class='ocrx_word' id='word_1_16' title='bbox 791 412 934 479; x_wconf 86' lang='lat' dir='ltr'>fontibus</span> <span class='ocrx_word' id='word_1_17' title='bbox 956 415 1052 500; x_wconf 87' lang='lat' dir='ltr'>ignis.</span> 
     </span>
    </p>

    <p class='ocr_par' dir='ltr' id='par_1_3' title="bbox 176 496 975 589">
     <span class='ocr_line' id='line_1_4' title="bbox 176 496 975 589; baseline -0.009 -21"><span class='ocrx_word' id='word_1_18' title='bbox 176 504 222 568; x_wconf 89' lang='lat' dir='ltr'>At</span> <span class='ocrx_word' id='word_1_19' title='bbox 244 512 338 589; x_wconf 89' lang='lat' dir='ltr'>pater</span> <span class='ocrx_word' id='word_1_20' title='bbox 360 499 519 566; x_wconf 81' lang='lat' dir='ltr'>Anchises</span> <span class='ocrx_word' id='word_1_21' title='bbox 540 499 651 565; x_wconf 89' lang='lat' dir='ltr'>oculos</span> <span class='ocrx_word' id='word_1_22' title='bbox 673 499 717 564; x_wconf 86' lang='lat' dir='ltr'>ad</span> <span class='ocrx_word' id='word_1_23' title='bbox 738 498 847 563; x_wconf 87' lang='lat' dir='ltr'>sidera</span> <span class='ocrx_word' id='word_1_24' title='bbox 870 496 975 562; x_wconf 84' lang='lat' dir='ltr'>laetus</span> 
     </span>
    </p>

    <p class='ocr_par' dir='ltr' id='par_1_4' title="bbox 177 580 990 669">
     <span class='ocr_line' id='line_1_5' title="bbox 177 580 990 669; baseline -0.007 -19"><span class='ocrx_word' id='word_1_25' title='bbox 177 585 306 650; x_wconf 87' lang='lat' dir='ltr'>Extulit</span> <span class='ocrx_word' id='word_1_26' title='bbox 327 593 359 649; x_wconf 92' lang='lat' dir='ltr'>ct</span> <span class='ocrx_word' id='word_1_27' title='bbox 380 582 470 648; x_wconf 87' lang='lat' dir='ltr'>caele</span> <span class='ocrx_word' id='word_1_28' title='bbox 493 581 619 669; x_wconf 87' lang='lat' dir='ltr'>palmas</span> <span class='ocrx_word' id='word_1_29' title='bbox 641 604 715 647; x_wconf 92' lang='lat' dir='ltr'>cum</span> <span class='ocrx_word' id='word_1_30' title='bbox 736 603 817 647; x_wconf 87' lang='lat' dir='ltr'>voce</span> <span class='ocrx_word' id='word_1_31' title='bbox 838 580 990 646; x_wconf 88' lang='lat' dir='ltr'>tetendit:</span> 
     </span>
    </p>

    <p class='ocr_par' dir='ltr' id='par_1_5' title="bbox 177 661 1077 756">
     <span class='ocr_line' id='line_1_6' title="bbox 177 661 1077 756; baseline -0.003 -24"><span class='ocrx_word' id='word_1_32' title='bbox 177 668 348 756; x_wconf 86' lang='lat' dir='ltr'>„Iuppiter</span> <span class='ocrx_word' id='word_1_33' title='bbox 370 667 583 753; x_wconf 87' lang='lat' dir='ltr'>omnipotens,</span> <span class='ocrx_word' id='word_1_34' title='bbox 605 664 759 753; x_wconf 88' lang='lat' dir='ltr'>precibus</span> <span class='ocrx_word' id='word_1_35' title='bbox 782 666 811 730; x_wconf 89' lang='lat' dir='ltr'>si</span> <span class='ocrx_word' id='word_1_36' title='bbox 833 663 973 730; x_wconf 88' lang='lat' dir='ltr'>flecteris</span> <span class='ocrx_word' id='word_1_37' title='bbox 993 661 1077 742; x_wconf 84' lang='lat' dir='ltr'>ullis,</span> 
     </span>
    </p>

    <p class='ocr_par' dir='ltr' id='par_1_6' title="bbox 100 749 1350 840">
     <span class='ocr_line' id='line_1_7' title="bbox 100 749 1350 840; baseline -0.009 -20"><span class='ocrx_word' id='word_1_38' title='bbox 100 778 104 783; x_wconf 63' lang='lat'><strong><em>‘</em></strong></span> <span class='ocrx_word' id='word_1_39' title='bbox 178 755 302 840; x_wconf 86' lang='lat' dir='ltr'>Aspice</span> <span class='ocrx_word' id='word_1_40' title='bbox 323 773 399 834; x_wconf 80' lang='lat' dir='ltr'>n0s3</span> <span class='ocrx_word' id='word_1_41' title='bbox 421 749 483 814; x_wconf 93' lang='lat' dir='ltr'>hoc</span> <span class='ocrx_word' id='word_1_42' title='bbox 511 758 653 826; x_wconf 80' lang='lat' dir='ltr'>tantum3</span> <span class='ocrx_word' id='word_1_43' title='bbox 672 758 713 832; x_wconf 88' lang='lat' dir='ltr'>et,</span> <span class='ocrx_word' id='word_1_44' title='bbox 735 749 764 814; x_wconf 92' lang='lat' dir='ltr'>si</span> <span class='ocrx_word' id='word_1_45' title='bbox 785 749 906 835; x_wconf 85' lang='lat' dir='ltr'>pictate</span> <span class='ocrx_word' id='word_1_46' title='bbox 924 768 1096 826; x_wconf 90' lang='lat' dir='ltr'>meremur,</span> <span class='ocrx_word' id='word_1_47' title='bbox 1227 777 1232 787; x_wconf 91' lang='lat'><strong>·</strong></span> <span class='ocrx_word' id='word_1_48' title='bbox 1306 759 1350 810; x_wconf 81' lang='grc'>666</span> 
     </span>
    </p>
   </div>
   <div class='ocr_carea' id='block_1_3' title="bbox 84 989 1367 3295">
    <p class='ocr_par' dir='ltr' id='par_1_7' title="bbox 84 989 1367 3295">
     <span class='ocr_line' id='line_1_8' title="bbox 177 989 1352 1066; baseline -0.006 -16"><span class='ocrx_word' id='word_1_49' title='bbox 177 997 262 1066; x_wconf 65' lang='lat' dir='ltr'>fulcit</span> <span class='ocrx_word' id='word_1_50' title='bbox 278 1013 370 1066; x_wconf 79' lang='lat' dir='ltr'>oper,</span> <span class='ocrx_word' id='word_1_51' title='bbox 386 994 454 1049; x_wconf 79' lang='lat' dir='ltr'>cris</span> <span class='ocrx_word' id='word_1_52' title='bbox 483 1011 601 1064; x_wconf 83' lang='lat' dir='ltr'>amque</span> <span class='ocrx_word' id='word_1_53' title='bbox 623 993 762 1047; x_wconf 80' lang='lat' dir='ltr'>involvere</span> <span class='ocrx_word' id='word_1_54' title='bbox 783 992 845 1046; x_wconf 80' lang='lat' dir='ltr'>uiro</span> <span class='ocrx_word' id='word_1_55' title='bbox 868 1000 908 1046; x_wconf 84' lang='lat' dir='ltr'>eet</span> <span class='ocrx_word' id='word_1_56' title='bbox 929 991 1013 1045; x_wconf 78' lang='lat' dir='ltr'>Mitis</span> <span class='ocrx_word' id='word_1_57' title='bbox 1173 1008 1281 1044; x_wconf 81' lang='lat' dir='ltr'>cornum</span> <span class='ocrx_word' id='word_1_58' title='bbox 1301 989 1352 1059; x_wconf 85' lang='lat' dir='ltr'>(qui</span> 
     </span>
     <span class='ocr_line' id='line_1_9' title="bbox 179 1056 1355 1132; baseline -0.007 -13"><span class='ocrx_word' id='word_1_59' title='bbox 179 1081 243 1119; x_wconf 88' lang='lat' dir='ltr'>sane</span> <span class='ocrx_word' id='word_1_60' title='bbox 262 1063 418 1132; x_wconf 73' lang='grc'><strong>6666116616</strong></span> <span class='ocrx_word' id='word_1_61' title='bbox 464 1062 545 1116; x_wconf 89' lang='lat' dir='ltr'>cmiii.</span> <span class='ocrx_word' id='word_1_62' title='bbox 563 1061 671 1116; x_wconf 85' lang='lat' dir='ltr'>videtur</span> <span class='ocrx_word' id='word_1_63' title='bbox 688 1059 824 1125; x_wconf 82' lang='lat' dir='ltr'>habuisse)</span> <span class='ocrx_word' id='word_1_64' title='bbox 848 1063 875 1114; x_wconf 92' lang='lat' dir='ltr'>et</span> <span class='ocrx_word' id='word_1_65' title='bbox 892 1059 1003 1114; x_wconf 85' lang='lat' dir='ltr'>Gratius</span> <span class='ocrx_word' id='word_1_66' title='bbox 1122 1058 1230 1112; x_wconf 80' lang='lat' dir='ltr'>.Derir</span> <span class='ocrx_word' id='word_1_67' title='bbox 1251 1056 1355 1126; x_wconf 80' lang='lat' dir='ltr'>(Vulca-</span> 
     </span>
     <span class='ocr_line' id='line_1_10' title="bbox 178 1124 1354 1199; baseline -0.008 -12"><span class='ocrx_word' id='word_1_68' title='bbox 178 1139 240 1199; x_wconf 86' lang='lat' dir='ltr'>nus)</span> <span class='ocrx_word' id='word_1_69' title='bbox 259 1132 337 1186; x_wconf 76' lang='lat' dir='ltr'>illam</span> <span class='ocrx_word' id='word_1_70' title='bbox 354 1130 474 1184; x_wconf 73' lang='lat' dir='ltr'>molliter</span> <span class='ocrx_word' id='word_1_71' title='bbox 491 1148 570 1184; x_wconf 80' lang='lat' dir='ltr'>aram</span> <span class='ocrx_word' id='word_1_72' title='bbox 586 1129 706 1182; x_wconf 74' lang='lat' dir='ltr'>Lantbit.</span> <span class='ocrx_word' id='word_1_73' title='bbox 742 1126 810 1182; x_wconf 86' lang='lat' dir='ltr'>Vide</span> <span class='ocrx_word' id='word_1_74' title='bbox 828 1128 909 1181; x_wconf 87' lang='lat' dir='ltr'>etiem</span> <span class='ocrx_word' id='word_1_75' title='bbox 927 1127 1034 1181; x_wconf 87' lang='lat' dir='ltr'>adnott.</span> <span class='ocrx_word' id='word_1_76' title='bbox 1054 1125 1090 1180; x_wconf 88' lang='lat' dir='ltr'>ad</span> <span class='ocrx_word' id='word_1_77' title='bbox 1132 1125 1223 1194; x_wconf 86' lang='grc' dir='ltr'><strong>61.Π,</strong></span> <span class='ocrx_word' id='word_1_78' title='bbox 1245 1124 1354 1179; x_wconf 70' lang='grc'><strong>766611</strong></span> 
     </span>
     <span class='ocr_line' id='line_1_11' title="bbox 180 1193 1357 1264; baseline -0.007 -10"><span class='ocrx_word' id='word_1_79' title='bbox 180 1217 242 1255; x_wconf 83' lang='lat' dir='ltr'>cuin</span> <span class='ocrx_word' id='word_1_80' title='bbox 256 1202 313 1252; x_wconf 86' lang='lat' dir='ltr'>net.</span> <span class='ocrx_word' id='word_1_81' title='bbox 332 1196 366 1251; x_wconf 85' lang='lat' dir='ltr'>ad</span> <span class='ocrx_word' id='word_1_82' title='bbox 385 1197 440 1251; x_wconf 89' lang='lat' dir='ltr'>Ecl.</span> <span class='ocrx_word' id='word_1_83' title='bbox 457 1197 505 1262; x_wconf 92' lang='lat' dir='ltr'>IV,</span> <span class='ocrx_word' id='word_1_84' title='bbox 524 1200 565 1250; x_wconf 85' lang='grc'>26.</span> <span class='ocrx_word' id='word_1_85' title='bbox 588 1229 617 1236; x_wconf 92' lang='grc'><strong>-</strong></span> <span class='ocrx_word' id='word_1_86' title='bbox 633 1196 798 1257; x_wconf 79' lang='lat' dir='ltr'>lambere,</span> <span class='ocrx_word' id='word_1_87' title='bbox 815 1211 924 1264; x_wconf 85' lang='lat' dir='ltr'>prorsus</span> <span class='ocrx_word' id='word_1_88' title='bbox 941 1199 973 1248; x_wconf 91' lang='grc' dir='ltr'>ιι6</span> <span class='ocrx_word' id='word_1_89' title='bbox 990 1210 1053 1248; x_wconf 86' lang='lat' dir='ltr'>nos:</span> <span class='ocrx_word' id='word_1_90' title='bbox 1078 1194 1126 1248; x_wconf 77' lang='lat' dir='ltr'>die</span> <span class='ocrx_word' id='word_1_91' title='bbox 1144 1193 1273 1261; x_wconf 72' lang='lat' dir='ltr'>Heremo</span> <span class='ocrx_word' id='word_1_92' title='bbox 1290 1193 1357 1248; x_wconf 77' lang='grc'><strong>166116</strong></span> 
     </span>
     <span class='ocr_line' id='line_1_12' title="bbox 181 1262 1357 1332; baseline -0.006 -10"><span class='ocrx_word' id='word_1_93' title='bbox 181 1286 217 1322; x_wconf 83' lang='lat' dir='ltr'>an</span> <span class='ocrx_word' id='word_1_94' title='bbox 239 1267 344 1320; x_wconf 87' lang='lat' dir='ltr'>Etwas.</span> <span class='ocrx_word' id='word_1_95' title='bbox 368 1264 431 1318; x_wconf 83' lang='lat' dir='ltr'>Vid.</span> <span class='ocrx_word' id='word_1_96' title='bbox 453 1265 518 1318; x_wconf 87' lang='lat' dir='ltr'>Aen.</span> <span class='ocrx_word' id='word_1_97' title='bbox 536 1264 587 1326; x_wconf 93' lang='lat' dir='ltr'>III,</span> <span class='ocrx_word' id='word_1_98' title='bbox 609 1263 749 1317; x_wconf 78' lang='grc'><strong>5741161.</strong></span> <span class='ocrx_word' id='word_1_99' title='bbox 767 1262 823 1316; x_wconf 87' lang='lat' dir='ltr'>Set.</span> <span class='ocrx_word' id='word_1_100' title='bbox 841 1263 868 1330; x_wconf 88' lang='lat'>1,</span> <span class='ocrx_word' id='word_1_101' title='bbox 888 1269 912 1327; x_wconf 84' lang='lat'>5,</span> <span class='ocrx_word' id='word_1_102' title='bbox 932 1266 972 1316; x_wconf 85' lang='grc'>76,</span> <span class='ocrx_word' id='word_1_103' title='bbox 996 1263 1117 1332; x_wconf 76' lang='lat' dir='ltr'>stamma</span> <span class='ocrx_word' id='word_1_104' title='bbox 1134 1291 1148 1302; x_wconf 93' lang='lat'><strong>·</strong></span> <span class='ocrx_word' id='word_1_105' title='bbox 1161 1290 1174 1302; x_wconf 94' lang='lat'><strong>·</strong></span> <span class='ocrx_word' id='word_1_106' title='bbox 1186 1262 1357 1332; x_wconf 76' lang='lat' dir='ltr'>properabat</span> 
     </span>
     <span class='ocr_line' id='line_1_13' title="bbox 179 1329 1356 1408; baseline -0.005 -19"><span class='ocrx_word' id='word_1_107' title='bbox 179 1336 297 1390; x_wconf 80' lang='lat' dir='ltr'>lambere</span> <span class='ocrx_word' id='word_1_108' title='bbox 321 1340 430 1399; x_wconf 83' lang='lat' dir='ltr'>tectum,</span> <span class='ocrx_word' id='word_1_109' title='bbox 453 1348 513 1385; x_wconf 89' lang='lat' dir='ltr'>cuin</span> <span class='ocrx_word' id='word_1_110' title='bbox 535 1347 588 1401; x_wconf 90' lang='lat' dir='ltr'>quc</span> <span class='ocrx_word' id='word_1_111' title='bbox 609 1331 668 1384; x_wconf 91' lang='lat' dir='ltr'>loce</span> <span class='ocrx_word' id='word_1_112' title='bbox 691 1331 725 1385; x_wconf 84' lang='lat' dir='ltr'>cf.</span> <span class='ocrx_word' id='word_1_113' title='bbox 750 1329 827 1384; x_wconf 78' lang='lat' dir='ltr'>[iuer.</span> <span class='ocrx_word' id='word_1_114' title='bbox 855 1330 896 1395; x_wconf 93' lang='grc' dir='ltr'><strong>Π,</strong></span> <span class='ocrx_word' id='word_1_115' title='bbox 926 1334 980 1384; x_wconf 88' lang='grc'><strong>191.</strong></span> <span class='ocrx_word' id='word_1_116' title='bbox 1012 1329 1086 1396; x_wconf 84' lang='grc' dir='ltr'><strong>Ν66,</strong></span> <span class='ocrx_word' id='word_1_117' title='bbox 1108 1345 1194 1408; x_wconf 81' lang='lat' dir='ltr'>quom</span> <span class='ocrx_word' id='word_1_118' title='bbox 1215 1329 1356 1383; x_wconf 69' lang='grc'><strong>6666671666</strong></span> 
     </span>
     <span class='ocr_line' id='line_1_14' title="bbox 180 1397 1354 1481; baseline -0.005 -25"><span class='ocrx_word' id='word_1_119' title='bbox 180 1405 256 1472; x_wconf 73' lang='lat' dir='ltr'>iquos</span> <span class='ocrx_word' id='word_1_120' title='bbox 272 1404 313 1456; x_wconf 84' lang='lat' dir='ltr'>ad</span> <span class='ocrx_word' id='word_1_121' title='bbox 329 1402 573 1481; x_wconf 32' lang='lat' dir='ltr'>tecto-domorum,</span> <span class='ocrx_word' id='word_1_122' title='bbox 597 1399 636 1451; x_wconf 84' lang='lat' dir='ltr'>Et</span> <span class='ocrx_word' id='word_1_123' title='bbox 658 1397 744 1453; x_wconf 76' lang='lat' dir='ltr'>celeri</span> <span class='ocrx_word' id='word_1_124' title='bbox 761 1400 877 1467; x_wconf 84' lang='lat' dir='ltr'>flamma</span> <span class='ocrx_word' id='word_1_125' title='bbox 902 1401 1083 1466; x_wconf 71' lang='lat' dir='ltr'>depascant</span> <span class='ocrx_word' id='word_1_126' title='bbox 1101 1404 1183 1476; x_wconf 30' lang='lat' dir='ltr'>‘tiprra</span> <span class='ocrx_word' id='word_1_127' title='bbox 1206 1398 1354 1466; x_wconf 74' lang='lat' dir='ltr'>trabesque.</span> 
     </span>
     <span class='ocr_line' id='line_1_15' title="bbox 179 1466 1355 1604; baseline -0.009 -10"><span class='ocrx_word' id='word_1_128' title='bbox 179 1466 993 1604; x_wconf 51' lang='lat' dir='ltr'>uidttitglitffflttl,stlitibubibtitt</span> <span class='ocrx_word' id='word_1_129' title='bbox 1002 1468 1355 1595; x_wconf 53' lang='grc'><strong>6666666666</strong></span> 
     </span>
     <span class='ocr_line' id='line_1_16' title="bbox 180 1599 1356 1684; baseline -0.005 -25"><span class='ocrx_word' id='word_1_130' title='bbox 180 1608 331 1684; x_wconf 77' lang='lat' dir='ltr'>Postquam</span> <span class='ocrx_word' id='word_1_131' title='bbox 347 1604 406 1656; x_wconf 79' lang='lat' dir='ltr'>alta</span> <span class='ocrx_word' id='word_1_132' title='bbox 424 1611 545 1656; x_wconf 83' lang='lat' dir='ltr'>cremata</span> <span class='ocrx_word' id='word_1_133' title='bbox 566 1609 605 1656; x_wconf 84' lang='lat' dir='ltr'>est</span> <span class='ocrx_word' id='word_1_134' title='bbox 621 1602 706 1664; x_wconf 80' lang='lat' dir='ltr'>llice,</span> <span class='ocrx_word' id='word_1_135' title='bbox 729 1609 755 1655; x_wconf 86' lang='lat' dir='ltr'>et</span> <span class='ocrx_word' id='word_1_136' title='bbox 770 1603 891 1654; x_wconf 81' lang='lat' dir='ltr'>Danaos</span> <span class='ocrx_word' id='word_1_137' title='bbox 906 1607 1045 1671; x_wconf 74' lang='lat' dir='ltr'>paverunt</span> <span class='ocrx_word' id='word_1_138' title='bbox 1065 1599 1210 1669; x_wconf 79' lang='lat' dir='ltr'>Pcrpoma</span> <span class='ocrx_word' id='word_1_139' title='bbox 1221 1600 1356 1669; x_wconf 75' lang='lat' dir='ltr'>flammae.</span> 
     </span>
     <span class='ocr_line' id='line_1_17' title="bbox 181 1666 1357 1741; baseline -0.005 -13"><span class='ocrx_word' id='word_1_140' title='bbox 181 1674 288 1728; x_wconf 79' lang='lat' dir='ltr'>Servius</span> <span class='ocrx_word' id='word_1_141' title='bbox 307 1674 445 1738; x_wconf 78' lang='lat' dir='ltr'>comparat</span> <span class='ocrx_word' id='word_1_142' title='bbox 459 1687 575 1741; x_wconf 83' lang='lat' dir='ltr'>pascere</span> <span class='ocrx_word' id='word_1_143' title='bbox 594 1671 682 1724; x_wconf 73' lang='grc'><strong>666666</strong></span> <span class='ocrx_word' id='word_1_144' title='bbox 698 1669 764 1723; x_wconf 91' lang='lat' dir='ltr'>Aen.</span> <span class='ocrx_word' id='word_1_145' title='bbox 783 1669 844 1731; x_wconf 89' lang='lat' dir='ltr'>VII,</span> <span class='ocrx_word' id='word_1_146' title='bbox 863 1671 920 1722; x_wconf 88' lang='grc'><strong>391.</strong></span> <span class='ocrx_word' id='word_1_147' title='bbox 945 1698 978 1707; x_wconf 89' lang='lat'>·-</span> <span class='ocrx_word' id='word_1_148' title='bbox 1000 1666 1067 1729; x_wconf 74' lang='lat'>686.</span> <span class='ocrx_word' id='word_1_149' title='bbox 1085 1668 1269 1738; x_wconf 82' lang='lat' dir='ltr'>trepidare</span> <span class='ocrx_word' id='word_1_150' title='bbox 1284 1667 1357 1722; x_wconf 83' lang='lat' dir='ltr'>Schi-</span> 
     </span>
     <span class='ocr_line' id='line_1_18' title="bbox 182 1734 1356 1818; baseline -0.005 -23"><span class='ocrx_word' id='word_1_151' title='bbox 182 1741 273 1795; x_wconf 89' lang='lat' dir='ltr'>racbic</span> <span class='ocrx_word' id='word_1_152' title='bbox 291 1745 326 1818; x_wconf 90' lang='lat' dir='ltr'>(p.</span> <span class='ocrx_word' id='word_1_153' title='bbox 345 1743 412 1803; x_wconf 80' lang='grc'><strong>621,</strong></span> <span class='ocrx_word' id='word_1_154' title='bbox 432 1738 479 1807; x_wconf 92' lang='lat' dir='ltr'>qui</span> <span class='ocrx_word' id='word_1_155' title='bbox 496 1739 600 1791; x_wconf 77' lang='lat' dir='ltr'>conicit</span> <span class='ocrx_word' id='word_1_156' title='bbox 615 1737 681 1790; x_wconf 87' lang='lat' dir='ltr'>Aen.</span> <span class='ocrx_word' id='word_1_157' title='bbox 701 1736 748 1800; x_wconf 87' lang='lat' dir='ltr'>IV,</span> <span class='ocrx_word' id='word_1_158' title='bbox 772 1740 825 1790; x_wconf 80' lang='grc'><strong>121.</strong></span> <span class='ocrx_word' id='word_1_159' title='bbox 844 1741 872 1790; x_wconf 86' lang='grc'>66</span> <span class='ocrx_word' id='word_1_160' title='bbox 890 1736 938 1803; x_wconf 84' lang='grc' dir='ltr'><strong>ΙΧ,</strong></span> <span class='ocrx_word' id='word_1_161' title='bbox 959 1737 1028 1802; x_wconf 90' lang='grc'><strong>114.)</strong></span> <span class='ocrx_word' id='word_1_162' title='bbox 1046 1734 1118 1790; x_wconf 91' lang='lat' dir='ltr'>idem</span> <span class='ocrx_word' id='word_1_163' title='bbox 1135 1738 1187 1803; x_wconf 89' lang='lat' dir='ltr'>est,</span> <span class='ocrx_word' id='word_1_164' title='bbox 1209 1734 1356 1806; x_wconf 89' lang='lat' dir='ltr'>quodcum</span> 
     </span>
     <span class='ocr_line' id='line_1_19' title="bbox 182 1803 1357 1878; baseline -0.003 -17"><span class='ocrx_word' id='word_1_165' title='bbox 182 1808 362 1878; x_wconf 69' lang='lat' dir='ltr'>trepidatione</span> <span class='ocrx_word' id='word_1_166' title='bbox 378 1821 529 1871; x_wconf 88' lang='lat' dir='ltr'>accurrere;</span> <span class='ocrx_word' id='word_1_167' title='bbox 546 1804 593 1859; x_wconf 88' lang='lat' dir='ltr'>sed</span> <span class='ocrx_word' id='word_1_168' title='bbox 612 1807 653 1858; x_wconf 83' lang='lat' dir='ltr'>od</span> <span class='ocrx_word' id='word_1_169' title='bbox 669 1803 793 1857; x_wconf 87' lang='lat' dir='ltr'>currendi</span> <span class='ocrx_word' id='word_1_170' title='bbox 812 1803 884 1857; x_wconf 86' lang='lat' dir='ltr'>nctic</span> <span class='ocrx_word' id='word_1_171' title='bbox 902 1805 982 1858; x_wconf 85' lang='lat' dir='ltr'>verbe</span> <span class='ocrx_word' id='word_1_172' title='bbox 999 1803 1085 1858; x_wconf 87' lang='lat' dir='ltr'>inesse</span> <span class='ocrx_word' id='word_1_173' title='bbox 1104 1819 1158 1857; x_wconf 91' lang='lat' dir='ltr'>noii</span> <span class='ocrx_word' id='word_1_174' title='bbox 1180 1806 1287 1873; x_wconf 85' lang='lat' dir='ltr'>petest,</span> <span class='ocrx_word' id='word_1_175' title='bbox 1307 1803 1357 1857; x_wconf 78' lang='lat' dir='ltr'>eni</span> 
     </span>
     <span class='ocr_line' id='line_1_20' title="bbox 182 1871 1356 1942; baseline -0.003 -13"><span class='ocrx_word' id='word_1_176' title='bbox 182 1875 319 1930; x_wconf 88' lang='lat' dir='ltr'>interdum</span> <span class='ocrx_word' id='word_1_177' title='bbox 342 1874 363 1927; x_wconf 91' lang='lat' dir='ltr'>s&#39;</span> <span class='ocrx_word' id='word_1_178' title='bbox 405 1873 477 1926; x_wconf 87' lang='grc'><strong>’11666</strong></span> <span class='ocrx_word' id='word_1_179' title='bbox 502 1873 578 1926; x_wconf 81' lang='lat' dir='ltr'>auxie</span> <span class='ocrx_word' id='word_1_180' title='bbox 602 1875 767 1926; x_wconf 82' lang='lat' dir='ltr'>concursare.</span> <span class='ocrx_word' id='word_1_181' title='bbox 795 1902 823 1909; x_wconf 88' lang='lat'>-·</span> <span class='ocrx_word' id='word_1_182' title='bbox 851 1871 977 1942; x_wconf 78' lang='lat' dir='ltr'>pavidi</span> <span class='ocrx_word' id='word_1_183' title='bbox 999 1879 1086 1925; x_wconf 85' lang='lat' dir='ltr'>meta</span> <span class='ocrx_word' id='word_1_184' title='bbox 1106 1871 1275 1940; x_wconf 90' lang='lat' dir='ltr'>iungendum</span> <span class='ocrx_word' id='word_1_185' title='bbox 1302 1885 1356 1926; x_wconf 81' lang='grc'><strong>6666</strong></span> 
     </span>
     <span class='ocr_line' id='line_1_21' title="bbox 183 1889 1358 2021; baseline -0.003 -24"><span class='ocrx_word' id='word_1_186' title='bbox 183 1943 261 1998; x_wconf 88' lang='lat' dir='ltr'>docet</span> <span class='ocrx_word' id='word_1_187' title='bbox 283 1889 442 2020; x_wconf 60' lang='lat' dir='ltr'>Wshdllfflad</span> <span class='ocrx_word' id='word_1_188' title='bbox 463 1940 540 2021; x_wconf 53' lang='lat' dir='ltr'>Luci:</span> <span class='ocrx_word' id='word_1_189' title='bbox 566 1940 688 2019; x_wconf 66' lang='lat' dir='ltr'>H·.4.4·’</span> <span class='ocrx_word' id='word_1_190' title='bbox 707 1940 767 2008; x_wconf 88' lang='lat' dir='ltr'>qui,</span> <span class='ocrx_word' id='word_1_191' title='bbox 785 1938 843 1992; x_wconf 89' lang='lat' dir='ltr'>cell.</span> <span class='ocrx_word' id='word_1_192' title='bbox 866 1939 945 2018; x_wconf 82' lang='lat' dir='ltr'>lliad.</span> <span class='ocrx_word' id='word_1_193' title='bbox 964 1940 1036 2018; x_wconf 81' lang='lat' dir='ltr'>Epit.</span> <span class='ocrx_word' id='word_1_194' title='bbox 1055 1956 1080 1992; x_wconf 83' lang='lat' dir='ltr'>r.</span> <span class='ocrx_word' id='word_1_195' title='bbox 1100 1942 1158 1994; x_wconf 90' lang='grc'><strong>717.</strong></span> <span class='ocrx_word' id='word_1_196' title='bbox 1190 1939 1247 1994; x_wconf 77' lang='lat' dir='ltr'>Ille</span> <span class='ocrx_word' id='word_1_197' title='bbox 1264 1941 1358 1993; x_wconf 72' lang='grc'><strong>6666616</strong></span> 
     </span>
     <span class='ocr_line' id='line_1_22' title="bbox 178 2005 1358 2082; baseline -0.003 -16"><span class='ocrx_word' id='word_1_198' title='bbox 178 2028 293 2082; x_wconf 81' lang='lat' dir='ltr'>pavens,</span> <span class='ocrx_word' id='word_1_199' title='bbox 318 2009 405 2062; x_wconf 71' lang='lat' dir='ltr'>Vitam</span> <span class='ocrx_word' id='word_1_200' title='bbox 424 2010 570 2075; x_wconf 67' lang='lat' dir='ltr'>concedite,</span> <span class='ocrx_word' id='word_1_201' title='bbox 589 2010 667 2071; x_wconf 71' lang='lat' dir='ltr'>amc,</span> <span class='ocrx_word' id='word_1_202' title='bbox 686 2005 758 2060; x_wconf 90' lang='lat' dir='ltr'>hune</span> <span class='ocrx_word' id='word_1_203' title='bbox 775 2006 863 2060; x_wconf 87' lang='lat' dir='ltr'>lecum</span> <span class='ocrx_word' id='word_1_204' title='bbox 885 2022 957 2062; x_wconf 90' lang='lat' dir='ltr'>sice</span> <span class='ocrx_word' id='word_1_205' title='bbox 993 2009 1071 2061; x_wconf 85' lang='lat' dir='ltr'>licet:</span> <span class='ocrx_word' id='word_1_206' title='bbox 1098 2022 1181 2074; x_wconf 86' lang='lat' dir='ltr'>,‚n0s,</span> <span class='ocrx_word' id='word_1_207' title='bbox 1206 2008 1282 2062; x_wconf 77' lang='lat' dir='ltr'>metu</span> <span class='ocrx_word' id='word_1_208' title='bbox 1302 2005 1358 2076; x_wconf 82' lang='lat' dir='ltr'>pul·</span> 
     </span>
     <span class='ocr_line' id='line_1_23' title="bbox 183 2073 1358 2160; baseline -0.003 -28"><span class='ocrx_word' id='word_1_209' title='bbox 183 2079 303 2160; x_wconf 78' lang='lat' dir='ltr'>pitantes</span> <span class='ocrx_word' id='word_1_210' title='bbox 320 2075 449 2131; x_wconf 84' lang='lat' dir='ltr'>festinare</span> <span class='ocrx_word' id='word_1_211' title='bbox 467 2078 495 2129; x_wconf 89' lang='lat' dir='ltr'>et</span> <span class='ocrx_word' id='word_1_212' title='bbox 512 2091 592 2156; x_wconf 76' lang='lat' dir='ltr'>opere</span> <span class='ocrx_word' id='word_1_213' title='bbox 611 2074 689 2154; x_wconf 82' lang='lat' dir='ltr'>celeri</span> <span class='ocrx_word' id='word_1_214' title='bbox 706 2075 876 2153; x_wconf 77' lang='lat' dir='ltr'>subvenire.“</span> <span class='ocrx_word' id='word_1_215' title='bbox 903 2073 937 2128; x_wconf 75' lang='grc' dir='ltr'>Ν·</span> <span class='ocrx_word' id='word_1_216' title='bbox 960 2076 965 2085; x_wconf 89' lang='grc'><strong>’</strong></span> <span class='ocrx_word' id='word_1_217' title='bbox 995 2079 1087 2129; x_wconf 86' lang='lat' dir='ltr'>tamen</span> <span class='ocrx_word' id='word_1_218' title='bbox 1107 2075 1242 2154; x_wconf 79' lang='lat' dir='ltr'>interest,</span> <span class='ocrx_word' id='word_1_219' title='bbox 1268 2079 1358 2129; x_wconf 84' lang='lat' dir='ltr'>uirum</span> 
     </span>
     <span class='ocr_line' id='line_1_24' title="bbox 180 2141 1358 2290; baseline -0.003 -23"><span class='ocrx_word' id='word_1_220' title='bbox 180 2141 1143 2290; x_wconf 65' lang='grc'><strong>6661’6666616666666.61...66</strong></span> <span class='ocrx_word' id='word_1_221' title='bbox 1165 2157 1358 2264; x_wconf 58' lang='lat' dir='ltr'>em</span> 
     </span>
     <span class='ocr_line' id='line_1_25' title="bbox 186 2228 1359 2357; baseline -0.003 -23"><span class='ocrx_word' id='word_1_222' title='bbox 186 2280 227 2334; x_wconf 82' lang='lat' dir='ltr'>Ol.</span> <span class='ocrx_word' id='word_1_223' title='bbox 253 2228 331 2334; x_wconf 74' lang='lat' dir='ltr'>evil.</span> <span class='ocrx_word' id='word_1_224' title='bbox 356 2278 420 2332; x_wconf 87' lang='lat' dir='ltr'>hlet.</span> <span class='ocrx_word' id='word_1_225' title='bbox 445 2277 510 2341; x_wconf 86' lang='lat' dir='ltr'><strong>XII,</strong></span> <span class='ocrx_word' id='word_1_226' title='bbox 535 2281 594 2331; x_wconf 80' lang='lat'><strong>280.</strong></span> <span class='ocrx_word' id='word_1_227' title='bbox 615 2279 729 2331; x_wconf 81' lang='lat' dir='ltr'>aeidum</span> <span class='ocrx_word' id='word_1_228' title='bbox 753 2279 788 2331; x_wconf 83' lang='lat' dir='ltr'>de</span> <span class='ocrx_word' id='word_1_229' title='bbox 809 2279 932 2356; x_wconf 68' lang='lat' dir='ltr'>orttiebus</span> <span class='ocrx_word' id='word_1_230' title='bbox 952 2295 1039 2356; x_wconf 74' lang='lat' dir='ltr'>epriem</span> <span class='ocrx_word' id='word_1_231' title='bbox 1056 2278 1171 2357; x_wconf 71' lang='lat' dir='ltr'>Excutit</span> <span class='ocrx_word' id='word_1_232' title='bbox 1182 2283 1218 2357; x_wconf 41' lang='lat' dir='ltr'>·(a</span> <span class='ocrx_word' id='word_1_233' title='bbox 1235 2277 1359 2346; x_wconf 62' lang='lat' dir='ltr'>Coniugi</span> 
     </span>
     <span class='ocr_line' id='line_1_26' title="bbox 183 2344 1359 2414; baseline -0.003 -13"><span class='ocrx_word' id='word_1_234' title='bbox 183 2347 275 2411; x_wconf 81' lang='lat' dir='ltr'>laud).</span> <span class='ocrx_word' id='word_1_235' title='bbox 307 2376 338 2385; x_wconf 92' lang='lat'><em>-</em></span> <span class='ocrx_word' id='word_1_236' title='bbox 370 2345 434 2406; x_wconf 90' lang='lat'>686.</span> <span class='ocrx_word' id='word_1_237' title='bbox 464 2353 613 2411; x_wconf 75' lang='lat' dir='ltr'>carietes,</span> <span class='ocrx_word' id='word_1_238' title='bbox 639 2361 705 2414; x_wconf 91' lang='lat' dir='ltr'>quos</span> <span class='ocrx_word' id='word_1_239' title='bbox 728 2347 821 2413; x_wconf 87' lang='lat' dir='ltr'>utpote</span> <span class='ocrx_word' id='word_1_240' title='bbox 845 2346 959 2399; x_wconf 89' lang='lat' dir='ltr'>caelitus</span> <span class='ocrx_word' id='word_1_241' title='bbox 981 2361 1076 2398; x_wconf 87' lang='lat' dir='ltr'>nnsses</span> <span class='ocrx_word' id='word_1_242' title='bbox 1095 2344 1190 2398; x_wconf 85' lang='lat' dir='ltr'>violari</span> <span class='ocrx_word' id='word_1_243' title='bbox 1214 2345 1292 2400; x_wconf 84' lang='lat' dir='ltr'>nefas</span> <span class='ocrx_word' id='word_1_244' title='bbox 1311 2348 1359 2399; x_wconf 82' lang='lat' dir='ltr'>est</span> 
     </span>
     <span class='ocr_line' id='line_1_27' title="bbox 187 2411 1359 2482; baseline -0.003 -12"><span class='ocrx_word' id='word_1_245' title='bbox 187 2415 294 2470; x_wconf 79' lang='lat' dir='ltr'>Servius</span> <span class='ocrx_word' id='word_1_246' title='bbox 313 2413 402 2467; x_wconf 89' lang='lat' dir='ltr'>minus</span> <span class='ocrx_word' id='word_1_247' title='bbox 425 2417 511 2467; x_wconf 84' lang='lat' dir='ltr'>recte:</span> <span class='ocrx_word' id='word_1_248' title='bbox 542 2429 614 2479; x_wconf 89' lang='lat' dir='ltr'>„nen</span> <span class='ocrx_word' id='word_1_249' title='bbox 638 2429 703 2482; x_wconf 89' lang='lat' dir='ltr'>quos</span> <span class='ocrx_word' id='word_1_250' title='bbox 724 2415 790 2466; x_wconf 89' lang='lat' dir='ltr'>tunc</span> <span class='ocrx_word' id='word_1_251' title='bbox 807 2427 896 2466; x_wconf 84' lang='lat' dir='ltr'>sacres</span> <span class='ocrx_word' id='word_1_252' title='bbox 918 2412 1052 2475; x_wconf 76' lang='lat' dir='ltr'>sciebant,</span> <span class='ocrx_word' id='word_1_253' title='bbox 1071 2411 1119 2466; x_wconf 89' lang='lat' dir='ltr'>sed</span> <span class='ocrx_word' id='word_1_254' title='bbox 1138 2428 1207 2482; x_wconf 88' lang='lat' dir='ltr'>quos</span> <span class='ocrx_word' id='word_1_255' title='bbox 1223 2429 1285 2467; x_wconf 85' lang='lat' dir='ltr'>mci</span> <span class='ocrx_word' id='word_1_256' title='bbox 1301 2429 1359 2482; x_wconf 89' lang='lat' dir='ltr'>pro·</span> 
     </span>
     <span class='ocr_line' id='line_1_28' title="bbox 188 2479 1361 2544; baseline 0 -10"><span class='ocrx_word' id='word_1_257' title='bbox 188 2482 278 2536; x_wconf 84' lang='lat' dir='ltr'>baturi</span> <span class='ocrx_word' id='word_1_258' title='bbox 296 2483 389 2534; x_wconf 87' lang='lat' dir='ltr'>sunt.“</span> <span class='ocrx_word' id='word_1_259' title='bbox 407 2479 510 2534; x_wconf 81' lang='lat' dir='ltr'>Sacros</span> <span class='ocrx_word' id='word_1_260' title='bbox 527 2483 598 2535; x_wconf 85' lang='lat' dir='ltr'>esset</span> <span class='ocrx_word' id='word_1_261' title='bbox 622 2480 671 2534; x_wconf 90' lang='lat' dir='ltr'>deo</span> <span class='ocrx_word' id='word_1_262' title='bbox 691 2479 772 2534; x_wconf 83' lang='lat' dir='ltr'>alicui</span> <span class='ocrx_word' id='word_1_263' title='bbox 790 2484 922 2544; x_wconf 81' lang='lat' dir='ltr'>sacratos,</span> <span class='ocrx_word' id='word_1_264' title='bbox 959 2481 1011 2533; x_wconf 91' lang='lat' dir='ltr'>uod</span> <span class='ocrx_word' id='word_1_265' title='bbox 1033 2481 1068 2534; x_wconf 92' lang='lat' dir='ltr'>ab</span> <span class='ocrx_word' id='word_1_266' title='bbox 1086 2480 1136 2534; x_wconf 92' lang='lat' dir='ltr'>hoc</span> <span class='ocrx_word' id='word_1_267' title='bbox 1158 2481 1217 2533; x_wconf 88' lang='grc'><strong>1666</strong></span> <span class='ocrx_word' id='word_1_268' title='bbox 1235 2480 1361 2534; x_wconf 89' lang='lat' dir='ltr'>alienum.</span> 
     </span>
     <span class='ocr_line' id='line_1_29' title="bbox 84 2497 1360 2618; baseline 0 -15"><span class='ocrx_word' id='word_1_269' title='bbox 84 2599 86 2603; x_wconf 88' lang='grc'><strong>,</strong></span> <span class='ocrx_word' id='word_1_270' title='bbox 187 2549 230 2603; x_wconf 82' lang='lat' dir='ltr'>Gt.</span> <span class='ocrx_word' id='word_1_271' title='bbox 249 2549 282 2603; x_wconf 91' lang='lat' dir='ltr'>de</span> <span class='ocrx_word' id='word_1_272' title='bbox 298 2548 349 2602; x_wconf 90' lang='lat' dir='ltr'>hcc</span> <span class='ocrx_word' id='word_1_273' title='bbox 369 2547 521 2602; x_wconf 87' lang='lat' dir='ltr'>discrimine</span> <span class='ocrx_word' id='word_1_274' title='bbox 538 2548 679 2602; x_wconf 87' lang='lat' dir='ltr'>notissimo</span> <span class='ocrx_word' id='word_1_275' title='bbox 694 2547 818 2601; x_wconf 89' lang='lat' dir='ltr'>Doederl.</span> <span class='ocrx_word' id='word_1_276' title='bbox 837 2548 901 2617; x_wconf 81' lang='lat' dir='ltr'>Syn.</span> <span class='ocrx_word' id='word_1_277' title='bbox 920 2497 970 2601; x_wconf 82' lang='lat' dir='ltr'>ill.</span> <span class='ocrx_word' id='word_1_278' title='bbox 988 2565 1016 2617; x_wconf 91' lang='lat' dir='ltr'>p.</span> <span class='ocrx_word' id='word_1_279' title='bbox 1037 2551 1092 2602; x_wconf 85' lang='grc'><strong>196.</strong></span> <span class='ocrx_word' id='word_1_280' title='bbox 1111 2550 1140 2602; x_wconf 88' lang='grc'>66</span> <span class='ocrx_word' id='word_1_281' title='bbox 1157 2547 1192 2602; x_wconf 90' lang='lat' dir='ltr'>V.</span> <span class='ocrx_word' id='word_1_282' title='bbox 1210 2565 1237 2618; x_wconf 91' lang='lat' dir='ltr'>p.</span> <span class='ocrx_word' id='word_1_283' title='bbox 1256 2552 1317 2603; x_wconf 86' lang='grc'><strong>646.</strong></span> <span class='ocrx_word' id='word_1_284' title='bbox 1329 2580 1360 2587; x_wconf 91' lang='grc'>-</span> 
     </span>
     <span class='ocr_line' id='line_1_30' title="bbox 185 2614 1362 2684; baseline -0.002 -13"><span class='ocrx_word' id='word_1_285' title='bbox 185 2618 350 2684; x_wconf 78' lang='lat' dir='ltr'>fontibus,</span> <span class='ocrx_word' id='word_1_286' title='bbox 374 2615 639 2670; x_wconf 79' lang='lat' dir='ltr'>accersentibus</span> <span class='ocrx_word' id='word_1_287' title='bbox 662 2615 770 2670; x_wconf 80' lang='lat' dir='ltr'>hausta.</span> <span class='ocrx_word' id='word_1_288' title='bbox 805 2615 847 2669; x_wconf 81' lang='lat' dir='ltr'>ef.</span> <span class='ocrx_word' id='word_1_289' title='bbox 874 2614 977 2670; x_wconf 87' lang='lat' dir='ltr'>adnott.</span> <span class='ocrx_word' id='word_1_290' title='bbox 1000 2615 1036 2669; x_wconf 84' lang='lat' dir='ltr'>ad</span> <span class='ocrx_word' id='word_1_291' title='bbox 1058 2616 1122 2670; x_wconf 82' lang='lat' dir='ltr'>Geo.</span> <span class='ocrx_word' id='word_1_292' title='bbox 1147 2615 1201 2679; x_wconf 87' lang='lat' dir='ltr'>IV,</span> <span class='ocrx_word' id='word_1_293' title='bbox 1220 2619 1279 2671; x_wconf 84' lang='grc'><strong>376.</strong></span> <span class='ocrx_word' id='word_1_294' title='bbox 1315 2615 1362 2669; x_wconf 88' lang='lat' dir='ltr'>Ce-</span> 
     </span>
     <span class='ocr_line' id='line_1_31' title="bbox 187 2681 1365 2754; baseline -0.002 -16"><span class='ocrx_word' id='word_1_295' title='bbox 187 2689 277 2739; x_wconf 87' lang='lat' dir='ltr'>terum</span> <span class='ocrx_word' id='word_1_296' title='bbox 308 2684 341 2738; x_wconf 92' lang='grc'>66</span> <span class='ocrx_word' id='word_1_297' title='bbox 367 2685 398 2737; x_wconf 90' lang='lat' dir='ltr'>In</span> <span class='ocrx_word' id='word_1_298' title='bbox 439 2683 503 2736; x_wconf 85' lang='lat' dir='ltr'>&#39;tivo</span> <span class='ocrx_word' id='word_1_299' title='bbox 533 2683 669 2748; x_wconf 88' lang='lat' dir='ltr'>absolute,</span> <span class='ocrx_word' id='word_1_300' title='bbox 697 2681 922 2737; x_wconf 88' lang='lat' dir='ltr'>vehementiorem</span> <span class='ocrx_word' id='word_1_301' title='bbox 950 2683 1034 2736; x_wconf 88' lang='lat' dir='ltr'>animi</span> <span class='ocrx_word' id='word_1_302' title='bbox 1066 2683 1209 2745; x_wconf 82' lang='lat' dir='ltr'>allectum,</span> <span class='ocrx_word' id='word_1_303' title='bbox 1238 2699 1365 2754; x_wconf 82' lang='lat' dir='ltr'>paverem</span> 
     </span>
     <span class='ocr_line' id='line_1_32' title="bbox 188 2749 1364 2821; baseline -0.003 -15"><span class='ocrx_word' id='word_1_304' title='bbox 188 2751 302 2806; x_wconf 83' lang='lat' dir='ltr'>maxime</span> <span class='ocrx_word' id='word_1_305' title='bbox 324 2753 353 2805; x_wconf 90' lang='grc'>66</span> <span class='ocrx_word' id='word_1_306' title='bbox 375 2751 582 2820; x_wconf 79' lang='lat' dir='ltr'>trepidationem</span> <span class='ocrx_word' id='word_1_307' title='bbox 608 2751 743 2805; x_wconf 85' lang='lat' dir='ltr'>indicente</span> <span class='ocrx_word' id='word_1_308' title='bbox 765 2751 797 2805; x_wconf 84' lang='lat' dir='ltr'>cf.</span> <span class='ocrx_word' id='word_1_309' title='bbox 819 2750 869 2814; x_wconf 88' lang='grc' dir='ltr'>ΠΙ,</span> <span class='ocrx_word' id='word_1_310' title='bbox 888 2755 938 2804; x_wconf 88' lang='grc'>666</span> <span class='ocrx_word' id='word_1_311' title='bbox 956 2768 1014 2820; x_wconf 90' lang='lat' dir='ltr'>sqq.</span> <span class='ocrx_word' id='word_1_312' title='bbox 1033 2749 1083 2818; x_wconf 86' lang='lat' dir='ltr'>VI,</span> <span class='ocrx_word' id='word_1_313' title='bbox 1106 2754 1157 2804; x_wconf 87' lang='grc'>469</span> <span class='ocrx_word' id='word_1_314' title='bbox 1209 2768 1236 2821; x_wconf 82' lang='lat' dir='ltr'>q.</span> <span class='ocrx_word' id='word_1_315' title='bbox 1253 2751 1303 2814; x_wconf 85' lang='lat' dir='ltr'>IX,</span> <span class='ocrx_word' id='word_1_316' title='bbox 1317 2753 1364 2803; x_wconf 80' lang='grc'>536</span> 
     </span>
     <span class='ocr_line' id='line_1_33' title="bbox 187 2767 1363 2888; baseline -0.003 -14"><span class='ocrx_word' id='word_1_317' title='bbox 187 2837 200 2874; x_wconf 90' lang='lat' dir='ltr'>s</span> <span class='ocrx_word' id='word_1_318' title='bbox 222 2860 228 2872; x_wconf 93' lang='lat'><strong>.</strong></span> <span class='ocrx_word' id='word_1_319' title='bbox 248 2822 311 2874; x_wconf 86' lang='grc'><strong>6666.</strong></span> <span class='ocrx_word' id='word_1_320' title='bbox 330 2821 358 2872; x_wconf 88' lang='grc'>66</span> <span class='ocrx_word' id='word_1_321' title='bbox 376 2819 409 2871; x_wconf 89' lang='lat' dir='ltr'>W</span> <span class='ocrx_word' id='word_1_322' title='bbox 465 2819 503 2872; x_wconf 90' lang='lat' dir='ltr'>eri</span> <span class='ocrx_word' id='word_1_323' title='bbox 521 2818 569 2884; x_wconf 80' lang='lat' dir='ltr'>Qu.</span> <span class='ocrx_word' id='word_1_324' title='bbox 590 2819 666 2888; x_wconf 86' lang='lat' dir='ltr'>Virg.</span> <span class='ocrx_word' id='word_1_325' title='bbox 684 2817 767 2883; x_wconf 87' lang='lat' dir='ltr'>XXX,</span> <span class='ocrx_word' id='word_1_326' title='bbox 788 2821 812 2874; x_wconf 83' lang='lat'>2.</span> <span class='ocrx_word' id='word_1_327' title='bbox 830 2851 862 2859; x_wconf 98' lang='lat'>-</span> <span class='ocrx_word' id='word_1_328' title='bbox 882 2818 949 2880; x_wconf 88' lang='lat'>688.</span> <span class='ocrx_word' id='word_1_329' title='bbox 969 2818 1079 2885; x_wconf 82' lang='lat' dir='ltr'>eaelo,</span> <span class='ocrx_word' id='word_1_330' title='bbox 1099 2819 1135 2872; x_wconf 88' lang='lat' dir='ltr'>ad</span> <span class='ocrx_word' id='word_1_331' title='bbox 1153 2767 1267 2873; x_wconf 58' lang='lat' dir='ltr'>eadum</span> <span class='ocrx_word' id='word_1_332' title='bbox 1303 2818 1363 2872; x_wconf 82' lang='lat' dir='ltr'>vid.</span> 
     </span>
     <span class='ocr_line' id='line_1_34' title="bbox 186 2837 1366 2954; baseline -0.004 -11"><span class='ocrx_word' id='word_1_333' title='bbox 186 2837 290 2943; x_wconf 74' lang='lat' dir='ltr'>adnett.</span> <span class='ocrx_word' id='word_1_334' title='bbox 309 2885 344 2940; x_wconf 87' lang='lat' dir='ltr'>sd</span> <span class='ocrx_word' id='word_1_335' title='bbox 362 2886 417 2941; x_wconf 75' lang='lat' dir='ltr'>aei</span> <span class='ocrx_word' id='word_1_336' title='bbox 449 2886 473 2947; x_wconf 90' lang='grc' dir='ltr'><strong>Ι,</strong></span> <span class='ocrx_word' id='word_1_337' title='bbox 491 2890 532 2939; x_wconf 89' lang='grc'>36.</span> <span class='ocrx_word' id='word_1_338' title='bbox 553 2889 722 2954; x_wconf 83' lang='lat' dir='ltr'>etsuprcv.</span> <span class='ocrx_word' id='word_1_339' title='bbox 741 2890 877 2941; x_wconf 67' lang='grc'><strong>67661116</strong></span> <span class='ocrx_word' id='word_1_340' title='bbox 895 2887 986 2941; x_wconf 82' lang='lat' dir='ltr'>adnot.</span> <span class='ocrx_word' id='word_1_341' title='bbox 1005 2919 1038 2926; x_wconf 86' lang='lat'>—</span> <span class='ocrx_word' id='word_1_342' title='bbox 1080 2888 1188 2940; x_wconf 76' lang='lat' dir='ltr'>alinea</span> <span class='ocrx_word' id='word_1_343' title='bbox 1204 2902 1366 2942; x_wconf 77' lang='lat' dir='ltr'>eumeces</span> 
     </span>
     <span class='ocr_line' id='line_1_35' title="bbox 187 2953 1366 3024; baseline -0.001 -15"><span class='ocrx_word' id='word_1_344' title='bbox 187 2955 341 3010; x_wconf 82' lang='lat' dir='ltr'>tetendit.</span> <span class='ocrx_word' id='word_1_345' title='bbox 376 2954 417 3008; x_wconf 78' lang='lat' dir='ltr'>Cf.</span> <span class='ocrx_word' id='word_1_346' title='bbox 440 2957 648 3023; x_wconf 67' lang='lat' dir='ltr'>cupientes</span> <span class='ocrx_word' id='word_1_347' title='bbox 678 2956 706 3007; x_wconf 89' lang='grc'>66</span> <span class='ocrx_word' id='word_1_348' title='bbox 723 2954 761 3017; x_wconf 92' lang='lat' dir='ltr'>X,</span> <span class='ocrx_word' id='word_1_349' title='bbox 780 2957 839 3008; x_wconf 91' lang='grc'><strong>666.</strong></span> <span class='ocrx_word' id='word_1_350' title='bbox 865 2955 955 3024; x_wconf 89' lang='lat' dir='ltr'>ibique</span> <span class='ocrx_word' id='word_1_351' title='bbox 973 2953 1078 3008; x_wconf 88' lang='lat' dir='ltr'>adnot.</span> <span class='ocrx_word' id='word_1_352' title='bbox 1107 2971 1168 3008; x_wconf 91' lang='lat' dir='ltr'>cum</span> <span class='ocrx_word' id='word_1_353' title='bbox 1189 2955 1263 3009; x_wconf 80' lang='lat' dir='ltr'>Stat.</span> <span class='ocrx_word' id='word_1_354' title='bbox 1283 2953 1366 3008; x_wconf 79' lang='grc'><strong>1666.</strong></span> 
     </span>
     <span class='ocr_line' id='line_1_36' title="bbox 186 3021 1366 3092; baseline 0 -15"><span class='ocrx_word' id='word_1_355' title='bbox 186 3023 265 3088; x_wconf 85' lang='lat' dir='ltr'>vni,</span> <span class='ocrx_word' id='word_1_356' title='bbox 293 3025 348 3077; x_wconf 90' lang='grc'><strong>146.</strong></span> <span class='ocrx_word' id='word_1_357' title='bbox 364 3027 534 3092; x_wconf 64' lang='lat' dir='ltr'>suturaque</span> <span class='ocrx_word' id='word_1_358' title='bbox 554 3040 651 3075; x_wconf 81' lang='lat' dir='ltr'>menies</span> <span class='ocrx_word' id='word_1_359' title='bbox 672 3039 733 3075; x_wconf 81' lang='lat' dir='ltr'>cum</span> <span class='ocrx_word' id='word_1_360' title='bbox 759 3039 824 3076; x_wconf 83' lang='lat' dir='ltr'>voce</span> <span class='ocrx_word' id='word_1_361' title='bbox 852 3023 960 3076; x_wconf 73' lang='grc' dir='ltr'><strong>66666άὲ.</strong></span> <span class='ocrx_word' id='word_1_362' title='bbox 990 3052 1024 3060; x_wconf 90' lang='lat'><em>-</em></span> <span class='ocrx_word' id='word_1_363' title='bbox 1052 3021 1119 3083; x_wconf 80' lang='lat'>689.</span> <span class='ocrx_word' id='word_1_364' title='bbox 1150 3022 1192 3076; x_wconf 79' lang='lat' dir='ltr'>ci.</span> <span class='ocrx_word' id='word_1_365' title='bbox 1212 3022 1366 3077; x_wconf 70' lang='lat' dir='ltr'>simillimae</span> 
     </span>
     <span class='ocr_line' id='line_1_37' title="bbox 187 3088 1364 3161; baseline -0.003 -16"><span class='ocrx_word' id='word_1_366' title='bbox 187 3107 280 3161; x_wconf 83' lang='lat' dir='ltr'>preces</span> <span class='ocrx_word' id='word_1_367' title='bbox 308 3089 380 3144; x_wconf 84' lang='grc'><strong>11616</strong></span> <span class='ocrx_word' id='word_1_368' title='bbox 410 3089 444 3153; x_wconf 89' lang='lat' dir='ltr'>V,</span> <span class='ocrx_word' id='word_1_369' title='bbox 476 3093 524 3142; x_wconf 86' lang='grc'>667</span> <span class='ocrx_word' id='word_1_370' title='bbox 548 3106 608 3159; x_wconf 88' lang='lat' dir='ltr'>sqq.</span> <span class='ocrx_word' id='word_1_371' title='bbox 644 3088 775 3143; x_wconf 82' lang='lat' dir='ltr'>Anchises</span> <span class='ocrx_word' id='word_1_372' title='bbox 803 3105 820 3142; x_wconf 88' lang='lat' dir='ltr'>a</span> <span class='ocrx_word' id='word_1_373' title='bbox 846 3089 950 3143; x_wconf 88' lang='lat' dir='ltr'>Venere</span> <span class='ocrx_word' id='word_1_374' title='bbox 971 3092 1030 3144; x_wconf 83' lang='lat' dir='ltr'>arte</span> <span class='ocrx_word' id='word_1_375' title='bbox 1060 3090 1216 3160; x_wconf 71' lang='lat' dir='ltr'>augurandi</span> <span class='ocrx_word' id='word_1_376' title='bbox 1243 3091 1364 3144; x_wconf 85' lang='lat' dir='ltr'>imbutus</span> 
     </span>
     <span class='ocr_line' id='line_1_38' title="bbox 188 3156 1366 3227; baseline -0.003 -13"><span class='ocrx_word' id='word_1_377' title='bbox 188 3175 246 3214; x_wconf 86' lang='lat' dir='ltr'>csse</span> <span class='ocrx_word' id='word_1_378' title='bbox 264 3158 409 3221; x_wconf 82' lang='lat' dir='ltr'>terebatur,</span> <span class='ocrx_word' id='word_1_379' title='bbox 430 3167 510 3227; x_wconf 85' lang='lat' dir='ltr'>quain</span> <span class='ocrx_word' id='word_1_380' title='bbox 529 3157 611 3211; x_wconf 89' lang='lat' dir='ltr'>etiam</span> <span class='ocrx_word' id='word_1_381' title='bbox 627 3157 698 3210; x_wconf 85' lang='lat' dir='ltr'>infra</span> <span class='ocrx_word' id='word_1_382' title='bbox 715 3161 820 3211; x_wconf 82' lang='lat' dir='ltr'>exercet</span> <span class='ocrx_word' id='word_1_383' title='bbox 835 3156 887 3221; x_wconf 89' lang='grc' dir='ltr'><strong>ΙΠ,</strong></span> <span class='ocrx_word' id='word_1_384' title='bbox 906 3161 963 3212; x_wconf 81' lang='grc'><strong>639.</strong></span> <span class='ocrx_word' id='word_1_385' title='bbox 994 3157 1021 3210; x_wconf 93' lang='lat' dir='ltr'>in</span> <span class='ocrx_word' id='word_1_386' title='bbox 1040 3173 1122 3226; x_wconf 89' lang='lat' dir='ltr'>quain</span> <span class='ocrx_word' id='word_1_387' title='bbox 1140 3174 1199 3211; x_wconf 91' lang='lat' dir='ltr'>reni</span> <span class='ocrx_word' id='word_1_388' title='bbox 1213 3157 1299 3212; x_wconf 86' lang='lat' dir='ltr'>Cenin</span> <span class='ocrx_word' id='word_1_389' title='bbox 1347 3173 1366 3210; x_wconf 92' lang='lat' dir='ltr'>ii</span> 
     </span>
     <span class='ocr_line' id='line_1_39' title="bbox 188 3163 1367 3295; baseline -0.001 -15"><span class='ocrx_word' id='word_1_390' title='bbox 188 3226 303 3280; x_wconf 79' lang='lat' dir='ltr'>conferri</span> <span class='ocrx_word' id='word_1_391' title='bbox 319 3226 395 3279; x_wconf 90' lang='lat' dir='ltr'>iubet</span> <span class='ocrx_word' id='word_1_392' title='bbox 412 3225 491 3278; x_wconf 84' lang='lat' dir='ltr'>Ennii</span> <span class='ocrx_word' id='word_1_393' title='bbox 508 3225 606 3294; x_wconf 78' lang='lat' dir='ltr'>fragm.</span> <span class='ocrx_word' id='word_1_394' title='bbox 620 3224 717 3278; x_wconf 85' lang='lat' dir='ltr'>Annel.</span> <span class='ocrx_word' id='word_1_395' title='bbox 736 3225 759 3288; x_wconf 93' lang='lat' dir='ltr'>l,</span> <span class='ocrx_word' id='word_1_396' title='bbox 781 3227 819 3278; x_wconf 94' lang='grc'>17.</span> <span class='ocrx_word' id='word_1_397' title='bbox 832 3225 867 3293; x_wconf 85' lang='lat' dir='ltr'>[p.</span> <span class='ocrx_word' id='word_1_398' title='bbox 881 3229 905 3279; x_wconf 93' lang='grc'>7.</span> <span class='ocrx_word' id='word_1_399' title='bbox 924 3197 1046 3294; x_wconf 80' lang='lat' dir='ltr'>Vahlen]</span> <span class='ocrx_word' id='word_1_400' title='bbox 1063 3226 1225 3295; x_wconf 79' lang='lat' dir='ltr'>Dortiieque</span> <span class='ocrx_word' id='word_1_401' title='bbox 1243 3163 1367 3279; x_wconf 51' lang='lat' dir='ltr'>Aug-&#39;Aa</span> 
     </span>
    </p>
   </div>
   <div class='ocr_carea' id='block_1_4' title="bbox 82 3293 1368 3364">
    <p class='ocr_par' dir='ltr' id='par_1_8' title="bbox 82 3293 1368 3364">
     <span class='ocr_line' id='line_1_40' title="bbox 82 3293 1368 3364; baseline 0.001 -17"><span class='ocrx_word' id='word_1_402' title='bbox 82 3302 86 3307; x_wconf 78' lang='grc'><strong>“</strong></span> <span class='ocrx_word' id='word_1_403' title='bbox 192 3295 282 3348; x_wconf 79' lang='lat' dir='ltr'>Venus</span> <span class='ocrx_word' id='word_1_404' title='bbox 298 3310 376 3362; x_wconf 84' lang='lat' dir='ltr'>quem</span> <span class='ocrx_word' id='word_1_405' title='bbox 457 3293 579 3347; x_wconf 78' lang='lat' dir='ltr'>terrimo</span> <span class='ocrx_word' id='word_1_406' title='bbox 595 3293 672 3347; x_wconf 80' lang='lat' dir='ltr'>dium</span> <span class='ocrx_word' id='word_1_407' title='bbox 684 3294 758 3346; x_wconf 83' lang='lat' dir='ltr'>Fata</span> <span class='ocrx_word' id='word_1_408' title='bbox 776 3293 855 3345; x_wconf 85' lang='lat' dir='ltr'>docet</span> <span class='ocrx_word' id='word_1_409' title='bbox 870 3293 942 3360; x_wconf 81' lang='lat' dir='ltr'>fori,</span> <span class='ocrx_word' id='word_1_410' title='bbox 961 3293 1085 3346; x_wconf 73' lang='lat' dir='ltr'>divitium</span> <span class='ocrx_word' id='word_1_411' title='bbox 1100 3301 1132 3346; x_wconf 81' lang='grc'>66</span> <span class='ocrx_word' id='word_1_412' title='bbox 1143 3302 1242 3364; x_wconf 82' lang='lat' dir='ltr'>peetus</span> <span class='ocrx_word' id='word_1_413' title='bbox 1259 3293 1368 3347; x_wconf 67' lang='lat' dir='ltr'>baberet</span> 
     </span>
    </p>
   </div>
   <div class='ocr_carea' id='block_1_5' title="bbox 188 3360 1369 4587">
    <p class='ocr_par' dir='ltr' id='par_1_9' title="bbox 188 3360 1369 4587">
     <span class='ocr_line' id='line_1_41' title="bbox 190 3360 1366 3432; baseline -0.001 -17"><span class='ocrx_word' id='word_1_414' title='bbox 190 3364 217 3415; x_wconf 88' lang='grc'>66</span> <span class='ocrx_word' id='word_1_415' title='bbox 244 3360 339 3415; x_wconf 82' lang='lat' dir='ltr'>Naevii</span> <span class='ocrx_word' id='word_1_416' title='bbox 360 3360 398 3415; x_wconf 87' lang='lat' dir='ltr'>Be</span> <span class='ocrx_word' id='word_1_417' title='bbox 450 3360 516 3414; x_wconf 89' lang='lat' dir='ltr'>Pun.</span> <span class='ocrx_word' id='word_1_418' title='bbox 540 3361 563 3414; x_wconf 91' lang='grc' dir='ltr'>Ι.</span> <span class='ocrx_word' id='word_1_419' title='bbox 582 3361 616 3414; x_wconf 87' lang='lat' dir='ltr'>fr.</span> <span class='ocrx_word' id='word_1_420' title='bbox 639 3363 662 3415; x_wconf 81' lang='lat'>2.</span> <span class='ocrx_word' id='word_1_421' title='bbox 693 3360 844 3429; x_wconf 71' lang='lat' dir='ltr'>Postquam</span> <span class='ocrx_word' id='word_1_422' title='bbox 860 3377 924 3413; x_wconf 80' lang='lat' dir='ltr'>ovea</span> <span class='ocrx_word' id='word_1_423' title='bbox 992 3361 1049 3414; x_wconf 74' lang='lat' dir='ltr'>ecit</span> <span class='ocrx_word' id='word_1_424' title='bbox 1067 3361 1096 3414; x_wconf 80' lang='lat' dir='ltr'>ia</span> <span class='ocrx_word' id='word_1_425' title='bbox 1113 3362 1216 3432; x_wconf 78' lang='lat' dir='ltr'>templo</span> <span class='ocrx_word' id='word_1_426' title='bbox 1234 3362 1366 3415; x_wconf 76' lang='lat' dir='ltr'>Anchisa.</span> 
     </span>
     <span class='ocr_line' id='line_1_42' title="bbox 188 3427 1367 3517; baseline -0.001 -35"><span class='ocrx_word' id='word_1_427' title='bbox 188 3428 334 3483; x_wconf 83' lang='lat' dir='ltr'>Praeterea</span> <span class='ocrx_word' id='word_1_428' title='bbox 351 3429 384 3482; x_wconf 83' lang='lat' dir='ltr'>cf.</span> <span class='ocrx_word' id='word_1_429' title='bbox 404 3428 481 3482; x_wconf 87' lang='lat' dir='ltr'>Dion.</span> <span class='ocrx_word' id='word_1_430' title='bbox 500 3428 562 3499; x_wconf 88' lang='lat' dir='ltr'>Hal.</span> <span class='ocrx_word' id='word_1_431' title='bbox 580 3428 603 3490; x_wconf 94' lang='grc' dir='ltr'><strong>Ι,</strong></span> <span class='ocrx_word' id='word_1_432' title='bbox 622 3431 664 3482; x_wconf 88' lang='grc'>46.</span> <span class='ocrx_word' id='word_1_433' title='bbox 685 3428 752 3481; x_wconf 74' lang='lat' dir='ltr'>etl]</span> <span class='ocrx_word' id='word_1_434' title='bbox 791 3427 817 3482; x_wconf 89' lang='lat' dir='ltr'>el</span> <span class='ocrx_word' id='word_1_435' title='bbox 834 3431 861 3480; x_wconf 69' lang='grc' dir='ltr'>[ι’</span> <span class='ocrx_word' id='word_1_436' title='bbox 916 3445 946 3481; x_wconf 85' lang='lat' dir='ltr'>os</span> <span class='ocrx_word' id='word_1_437' title='bbox 992 3444 1042 3517; x_wconf 66' lang='lat' dir='ltr'>p.</span> <span class='ocrx_word' id='word_1_438' title='bbox 1062 3431 1119 3482; x_wconf 81' lang='lat'>321.</span> <span class='ocrx_word' id='word_1_439' title='bbox 1150 3460 1182 3468; x_wconf 87' lang='lat'><em>-</em></span> <span class='ocrx_word' id='word_1_440' title='bbox 1235 3431 1367 3483; x_wconf 78' lang='lat' dir='ltr'>reaibas</span> 
     </span>
     <span class='ocr_line' id='line_1_43' title="bbox 188 3495 1366 3567; baseline 0.001 -18"><span class='ocrx_word' id='word_1_441' title='bbox 188 3497 220 3549; x_wconf 83' lang='lat' dir='ltr'>ai</span> <span class='ocrx_word' id='word_1_442' title='bbox 235 3496 396 3560; x_wconf 78' lang='lat' dir='ltr'>flecteris</span> <span class='ocrx_word' id='word_1_443' title='bbox 418 3496 510 3549; x_wconf 80' lang='lat' dir='ltr'>altis.</span> <span class='ocrx_word' id='word_1_444' title='bbox 535 3497 576 3551; x_wconf 75' lang='lat' dir='ltr'>Cf.</span> <span class='ocrx_word' id='word_1_445' title='bbox 595 3497 698 3550; x_wconf 85' lang='lat' dir='ltr'>adnott.</span> <span class='ocrx_word' id='word_1_446' title='bbox 726 3497 760 3549; x_wconf 90' lang='lat' dir='ltr'>ad</span> <span class='ocrx_word' id='word_1_447' title='bbox 792 3495 833 3550; x_wconf 78' lang='lat' dir='ltr'>‘cl</span> <span class='ocrx_word' id='word_1_448' title='bbox 909 3497 1119 3557; x_wconf 76' lang='grc'><strong>67666661,</strong></span> <span class='ocrx_word' id='word_1_449' title='bbox 1141 3500 1163 3552; x_wconf 88' lang='grc'>7,</span> <span class='ocrx_word' id='word_1_450' title='bbox 1236 3501 1366 3567; x_wconf 86' lang='lat' dir='ltr'>petuntur</span> 
     </span>
     <span class='ocr_line' id='line_1_44' title="bbox 190 3536 1367 3643; baseline 0.001 -27"><span class='ocrx_word' id='word_1_451' title='bbox 190 3563 256 3616; x_wconf 87' lang='lat' dir='ltr'>haec</span> <span class='ocrx_word' id='word_1_452' title='bbox 272 3563 355 3617; x_wconf 78' lang='lat' dir='ltr'>rerba</span> <span class='ocrx_word' id='word_1_453' title='bbox 371 3563 398 3615; x_wconf 89' lang='lat' dir='ltr'>iii</span> <span class='ocrx_word' id='word_1_454' title='bbox 418 3563 499 3617; x_wconf 83' lang='lat' dir='ltr'>Antii.</span> <span class='ocrx_word' id='word_1_455' title='bbox 519 3563 578 3617; x_wconf 87' lang='lat' dir='ltr'>Lat.</span> <span class='ocrx_word' id='word_1_456' title='bbox 598 3563 620 3627; x_wconf 92' lang='grc' dir='ltr'>Ι,</span> <span class='ocrx_word' id='word_1_457' title='bbox 642 3566 698 3626; x_wconf 90' lang='grc'><strong>176,</strong></span> <span class='ocrx_word' id='word_1_458' title='bbox 719 3567 758 3618; x_wconf 80' lang='grc'>16.</span> <span class='ocrx_word' id='word_1_459' title='bbox 777 3595 807 3602; x_wconf 87' lang='grc'><strong>-</strong></span> <span class='ocrx_word' id='word_1_460' title='bbox 837 3536 902 3624; x_wconf 72' lang='grc'><strong>6666.</strong></span> <span class='ocrx_word' id='word_1_461' title='bbox 927 3564 1068 3643; x_wconf 80' lang='lat' dir='ltr'>„Aspice</span> <span class='ocrx_word' id='word_1_462' title='bbox 1086 3583 1155 3618; x_wconf 80' lang='lat' dir='ltr'>rios.</span> <span class='ocrx_word' id='word_1_463' title='bbox 1176 3565 1265 3635; x_wconf 74' lang='lat' dir='ltr'>Heyn.</span> <span class='ocrx_word' id='word_1_464' title='bbox 1286 3563 1367 3634; x_wconf 83' lang='lat' dir='ltr'>expli·</span> 
     </span>
     <span class='ocr_line' id='line_1_45' title="bbox 191 3630 1365 3701; baseline 0.003 -18"><span class='ocrx_word' id='word_1_465' title='bbox 191 3633 235 3684; x_wconf 87' lang='lat' dir='ltr'>cat</span> <span class='ocrx_word' id='word_1_466' title='bbox 255 3646 315 3700; x_wconf 87' lang='lat' dir='ltr'>per:</span> <span class='ocrx_word' id='word_1_467' title='bbox 335 3631 436 3698; x_wconf 88' lang='lat' dir='ltr'>respice</span> <span class='ocrx_word' id='word_1_468' title='bbox 454 3648 518 3695; x_wconf 88' lang='lat' dir='ltr'>n0s;</span> <span class='ocrx_word' id='word_1_469' title='bbox 537 3631 584 3684; x_wconf 90' lang='lat' dir='ltr'>sed</span> <span class='ocrx_word' id='word_1_470' title='bbox 603 3634 675 3685; x_wconf 91' lang='lat' dir='ltr'>recte</span> <span class='ocrx_word' id='word_1_471' title='bbox 697 3631 791 3685; x_wconf 86' lang='lat' dir='ltr'>Wund.</span> <span class='ocrx_word' id='word_1_472' title='bbox 810 3630 896 3696; x_wconf 84' lang='lat' dir='ltr'>dccet,</span> <span class='ocrx_word' id='word_1_473' title='bbox 924 3647 1054 3701; x_wconf 83' lang='lat' dir='ltr'>respicere</span> <span class='ocrx_word' id='word_1_474' title='bbox 1069 3648 1128 3686; x_wconf 86' lang='lat' dir='ltr'>esse</span> <span class='ocrx_word' id='word_1_475' title='bbox 1147 3649 1241 3688; x_wconf 82' lang='lat' dir='ltr'>curam</span> <span class='ocrx_word' id='word_1_476' title='bbox 1260 3633 1365 3693; x_wconf 87' lang='lat' dir='ltr'>habere,</span> 
     </span>
     <span class='ocr_line' id='line_1_46' title="bbox 190 3697 1365 3768; baseline 0.002 -17"><span class='ocrx_word' id='word_1_477' title='bbox 190 3699 298 3762; x_wconf 75' lang='lat' dir='ltr'>iuvere,</span> <span class='ocrx_word' id='word_1_478' title='bbox 314 3697 358 3751; x_wconf 91' lang='lat' dir='ltr'>hie</span> <span class='ocrx_word' id='word_1_479' title='bbox 375 3702 466 3751; x_wconf 87' lang='lat' dir='ltr'>autem</span> <span class='ocrx_word' id='word_1_480' title='bbox 486 3698 621 3753; x_wconf 82' lang='lat' dir='ltr'>Anchisen</span> <span class='ocrx_word' id='word_1_481' title='bbox 638 3699 665 3752; x_wconf 91' lang='lat' dir='ltr'>id</span> <span class='ocrx_word' id='word_1_482' title='bbox 685 3699 844 3766; x_wconf 88' lang='lat' dir='ltr'>praesertim</span> <span class='ocrx_word' id='word_1_483' title='bbox 861 3701 997 3766; x_wconf 86' lang='lat' dir='ltr'>expetere,</span> <span class='ocrx_word' id='word_1_484' title='bbox 1017 3703 1048 3753; x_wconf 90' lang='lat' dir='ltr'>ut</span> <span class='ocrx_word' id='word_1_485' title='bbox 1067 3699 1171 3768; x_wconf 82' lang='lat' dir='ltr'>iupiter</span> <span class='ocrx_word' id='word_1_486' title='bbox 1196 3702 1224 3754; x_wconf 92' lang='lat' dir='ltr'>iii</span> <span class='ocrx_word' id='word_1_487' title='bbox 1245 3717 1275 3755; x_wconf 88' lang='lat' dir='ltr'>se</span> <span class='ocrx_word' id='word_1_488' title='bbox 1294 3716 1365 3754; x_wconf 86' lang='lat' dir='ltr'>sues·</span> 
     </span>
     <span class='ocr_line' id='line_1_47' title="bbox 192 3765 1365 3836; baseline 0.001 -17"><span class='ocrx_word' id='word_1_489' title='bbox 192 3782 243 3836; x_wconf 89' lang='lat' dir='ltr'>que</span> <span class='ocrx_word' id='word_1_490' title='bbox 260 3765 351 3819; x_wconf 85' lang='lat' dir='ltr'>oculos</span> <span class='ocrx_word' id='word_1_491' title='bbox 369 3770 516 3829; x_wconf 85' lang='lat' dir='ltr'>convertat,</span> <span class='ocrx_word' id='word_1_492' title='bbox 538 3766 649 3836; x_wconf 88' lang='lat' dir='ltr'>ideoque</span> <span class='ocrx_word' id='word_1_493' title='bbox 666 3767 759 3836; x_wconf 79' lang='lat' dir='ltr'>aepr&#39;ce</span> <span class='ocrx_word' id='word_1_494' title='bbox 776 3766 936 3834; x_wconf 88' lang='lat' dir='ltr'>simpliciter</span> <span class='ocrx_word' id='word_1_495' title='bbox 953 3783 1010 3821; x_wconf 87' lang='lat' dir='ltr'>esse</span> <span class='ocrx_word' id='word_1_496' title='bbox 1028 3767 1044 3822; x_wconf 88' lang='lat' dir='ltr'>i.</span> <span class='ocrx_word' id='word_1_497' title='bbox 1079 3808 1085 3821; x_wconf 93' lang='lat'><strong>.</strong></span> <span class='ocrx_word' id='word_1_498' title='bbox 1106 3771 1253 3835; x_wconf 71' lang='grc'><strong>61667616.</strong></span> <span class='ocrx_word' id='word_1_499' title='bbox 1274 3769 1307 3822; x_wconf 85' lang='lat' dir='ltr'>W</span> <span class='ocrx_word' id='word_1_500' title='bbox 1340 3784 1365 3821; x_wconf 94' lang='lat' dir='ltr'>ii.</span> 
     </span>
     <span class='ocr_line' id='line_1_48' title="bbox 192 3785 1366 3904; baseline 0.002 -17"><span class='ocrx_word' id='word_1_501' title='bbox 192 3841 283 3904; x_wconf 78' lang='lat' dir='ltr'>(quem</span> <span class='ocrx_word' id='word_1_502' title='bbox 311 3837 460 3904; x_wconf 87' lang='lat' dir='ltr'>sequuntur</span> <span class='ocrx_word' id='word_1_503' title='bbox 482 3835 596 3904; x_wconf 79' lang='lat' dir='ltr'>Haupt,</span> <span class='ocrx_word' id='word_1_504' title='bbox 622 3834 736 3901; x_wconf 72' lang='lat' dir='ltr'>Ladew,</span> <span class='ocrx_word' id='word_1_505' title='bbox 762 3833 795 3888; x_wconf 89' lang='lat' dir='ltr'>de</span> <span class='ocrx_word' id='word_1_506' title='bbox 812 3833 840 3887; x_wconf 92' lang='lat' dir='ltr'>h.</span> <span class='ocrx_word' id='word_1_507' title='bbox 861 3833 880 3887; x_wconf 93' lang='lat' dir='ltr'>l.</span> <span class='ocrx_word' id='word_1_508' title='bbox 901 3834 984 3888; x_wconf 87' lang='lat' dir='ltr'>etiam</span> <span class='ocrx_word' id='word_1_509' title='bbox 1006 3835 1033 3888; x_wconf 91' lang='lat' dir='ltr'>iii</span> <span class='ocrx_word' id='word_1_510' title='bbox 1059 3837 1233 3901; x_wconf 57' lang='grc'><strong>’61666666</strong></span> <span class='ocrx_word' id='word_1_511' title='bbox 1260 3839 1289 3891; x_wconf 73' lang='lat' dir='ltr'>d.</span> <span class='ocrx_word' id='word_1_512' title='bbox 1307 3785 1366 3890; x_wconf 53' lang='lat' dir='ltr'>A«.</span> 
     </span>
     <span class='ocr_line' id='line_1_49' title="bbox 194 3901 1367 4023; baseline 0.001 -67"><span class='ocrx_word' id='word_1_513' title='bbox 194 3905 275 3957; x_wconf 78' lang='lat' dir='ltr'>Wi&#39;ee.</span> <span class='ocrx_word' id='word_1_514' title='bbox 301 3904 373 3955; x_wconf 88' lang='grc'><strong>1646.</strong></span> <span class='ocrx_word' id='word_1_515' title='bbox 398 3917 424 3981; x_wconf 89' lang='lat' dir='ltr'>p.</span> <span class='ocrx_word' id='word_1_516' title='bbox 455 3906 528 3957; x_wconf 81' lang='grc'><strong>1636.</strong></span> <span class='ocrx_word' id='word_1_517' title='bbox 553 3902 707 3971; x_wconf 85' lang='lat' dir='ltr'>disputans,</span> <span class='ocrx_word' id='word_1_518' title='bbox 732 3905 760 3955; x_wconf 91' lang='lat' dir='ltr'>et</span> <span class='ocrx_word' id='word_1_519' title='bbox 782 3901 920 3969; x_wconf 85' lang='lat' dir='ltr'>Ribbeck.)</span> <span class='ocrx_word' id='word_1_520' title='bbox 943 3902 1080 4023; x_wconf 63' lang='lat' dir='ltr'>culparem</span> <span class='ocrx_word' id='word_1_521' title='bbox 1100 3904 1247 3972; x_wconf 85' lang='lat' dir='ltr'>rationein,</span> <span class='ocrx_word' id='word_1_522' title='bbox 1269 3921 1301 3959; x_wconf 86' lang='grc'>61</span> <span class='ocrx_word' id='word_1_523' title='bbox 1317 3919 1367 3974; x_wconf 81' lang='lat' dir='ltr'>qua</span> 
     </span>
     <span class='ocr_line' id='line_1_50' title="bbox 190 3969 1366 4042; baseline 0.002 -19"><span class='ocrx_word' id='word_1_524' title='bbox 190 3969 265 4024; x_wconf 88' lang='lat' dir='ltr'>locus</span> <span class='ocrx_word' id='word_1_525' title='bbox 283 3969 322 4022; x_wconf 88' lang='lat' dir='ltr'>sic</span> <span class='ocrx_word' id='word_1_526' title='bbox 341 3969 531 4039; x_wconf 79' lang='lat' dir='ltr'>distinguitur:</span> <span class='ocrx_word' id='word_1_527' title='bbox 551 3970 653 4040; x_wconf 71' lang='lat' dir='ltr'>Aspice</span> <span class='ocrx_word' id='word_1_528' title='bbox 669 3988 720 4024; x_wconf 78' lang='lat' dir='ltr'>nor</span> <span class='ocrx_word' id='word_1_529' title='bbox 728 3989 740 4038; x_wconf 80' lang='lat'>,-</span> <span class='ocrx_word' id='word_1_530' title='bbox 760 3970 812 4023; x_wconf 81' lang='lat' dir='ltr'>boe</span> <span class='ocrx_word' id='word_1_531' title='bbox 824 3977 927 4023; x_wconf 80' lang='grc'><strong>6666616</strong></span> <span class='ocrx_word' id='word_1_532' title='bbox 939 3971 986 4036; x_wconf 74' lang='grc'><strong>(66·</strong></span> <span class='ocrx_word' id='word_1_533' title='bbox 1002 3971 1070 4025; x_wconf 85' lang='grc'><strong>,666</strong></span> <span class='ocrx_word' id='word_1_534' title='bbox 1080 3974 1108 4026; x_wconf 91' lang='lat' dir='ltr'>te</span> <span class='ocrx_word' id='word_1_535' title='bbox 1120 3975 1205 4042; x_wconf 84' lang='lat' dir='ltr'>pete),</span> <span class='ocrx_word' id='word_1_536' title='bbox 1223 3972 1366 4027; x_wconf 87' lang='lat' dir='ltr'>admodum</span> 
     </span>
     <span class='ocr_line' id='line_1_51' title="bbox 192 4036 1367 4112; baseline 0.001 -21"><span class='ocrx_word' id='word_1_537' title='bbox 192 4038 321 4107; x_wconf 78' lang='lat' dir='ltr'>languere</span> <span class='ocrx_word' id='word_1_538' title='bbox 348 4036 483 4099; x_wconf 88' lang='lat' dir='ltr'>iudicans,</span> <span class='ocrx_word' id='word_1_539' title='bbox 507 4053 561 4091; x_wconf 91' lang='lat' dir='ltr'>une</span> <span class='ocrx_word' id='word_1_540' title='bbox 585 4043 676 4092; x_wconf 89' lang='lat' dir='ltr'>tenere</span> <span class='ocrx_word' id='word_1_541' title='bbox 700 4038 821 4108; x_wconf 86' lang='lat' dir='ltr'>scripsit:</span> <span class='ocrx_word' id='word_1_542' title='bbox 912 4039 953 4093; x_wconf 84' lang='lat' dir='ltr'>i&#39;ee</span> <span class='ocrx_word' id='word_1_543' title='bbox 973 4040 1092 4093; x_wconf 74' lang='lat' dir='ltr'>bocboc</span> <span class='ocrx_word' id='word_1_544' title='bbox 1110 4047 1225 4109; x_wconf 71' lang='grc'><strong>666666,</strong></span> <span class='ocrx_word' id='word_1_545' title='bbox 1243 4039 1367 4112; x_wconf 85' lang='lat' dir='ltr'>atqueiii</span> 
     </span>
     <span class='ocr_line' id='line_1_52' title="bbox 191 4104 1368 4179; baseline 0.001 -19"><span class='ocrx_word' id='word_1_546' title='bbox 191 4104 257 4160; x_wconf 88' lang='lat' dir='ltr'>edit.</span> <span class='ocrx_word' id='word_1_547' title='bbox 283 4105 347 4159; x_wconf 88' lang='lat' dir='ltr'>miii.</span> <span class='ocrx_word' id='word_1_548' title='bbox 373 4105 429 4172; x_wconf 81' lang='lat' dir='ltr'>(ubi</span> <span class='ocrx_word' id='word_1_549' title='bbox 446 4105 545 4159; x_wconf 87' lang='lat' dir='ltr'>clarius</span> <span class='ocrx_word' id='word_1_550' title='bbox 562 4108 679 4159; x_wconf 87' lang='lat' dir='ltr'>mentem</span> <span class='ocrx_word' id='word_1_551' title='bbox 696 4121 773 4159; x_wconf 89' lang='lat' dir='ltr'>suani</span> <span class='ocrx_word' id='word_1_552' title='bbox 790 4105 906 4174; x_wconf 83' lang='lat' dir='ltr'>erponi,</span> <span class='ocrx_word' id='word_1_553' title='bbox 942 4122 1006 4160; x_wconf 86' lang='lat' dir='ltr'>uam</span> <span class='ocrx_word' id='word_1_554' title='bbox 1021 4106 1051 4163; x_wconf 86' lang='lat' dir='ltr'>in</span> <span class='ocrx_word' id='word_1_555' title='bbox 1061 4107 1172 4178; x_wconf 85' lang='lat' dir='ltr'>maiore)</span> <span class='ocrx_word' id='word_1_556' title='bbox 1191 4110 1368 4179; x_wconf 83' lang='lat' dir='ltr'>sieinterpre·</span> 
     </span>
     <span class='ocr_line' id='line_1_53' title="bbox 192 4171 1366 4249; baseline 0.007 -22"><span class='ocrx_word' id='word_1_557' title='bbox 192 4176 286 4227; x_wconf 88' lang='lat' dir='ltr'>tatur:</span> <span class='ocrx_word' id='word_1_558' title='bbox 311 4174 348 4238; x_wconf 87' lang='lat' dir='ltr'>‚,i.</span> <span class='ocrx_word' id='word_1_559' title='bbox 376 4190 399 4228; x_wconf 92' lang='lat' dir='ltr'>e.</span> <span class='ocrx_word' id='word_1_560' title='bbox 422 4171 492 4226; x_wconf 88' lang='lat' dir='ltr'>hene</span> <span class='ocrx_word' id='word_1_561' title='bbox 515 4176 622 4226; x_wconf 87' lang='lat' dir='ltr'>tantum</span> <span class='ocrx_word' id='word_1_562' title='bbox 651 4174 808 4243; x_wconf 77' lang='lat' dir='ltr'>adspectum</span> <span class='ocrx_word' id='word_1_563' title='bbox 830 4189 878 4226; x_wconf 90' lang='lat' dir='ltr'>nes</span> <span class='ocrx_word' id='word_1_564' title='bbox 905 4190 922 4227; x_wconf 91' lang='lat' dir='ltr'>a</span> <span class='ocrx_word' id='word_1_565' title='bbox 956 4175 1030 4243; x_wconf 89' lang='lat' dir='ltr'>pice,</span> <span class='ocrx_word' id='word_1_566' title='bbox 1063 4181 1146 4229; x_wconf 79' lang='lat' dir='ltr'>rubro</span> <span class='ocrx_word' id='word_1_567' title='bbox 1174 4177 1269 4249; x_wconf 77' lang='grc' dir='ltr'>μόνον</span> <span class='ocrx_word' id='word_1_568' title='bbox 1299 4180 1366 4247; x_wconf 67' lang='grc' dir='ltr'>ἡμᾶς</span> 
     </span>
     <span class='ocr_line' id='line_1_54' title="bbox 192 4240 1367 4311; baseline 0.003 -19"><span class='ocrx_word' id='word_1_569' title='bbox 192 4240 356 4307; x_wconf 65' lang='lat' dir='ltr'>infelicior,</span> <span class='ocrx_word' id='word_1_570' title='bbox 376 4243 488 4295; x_wconf 81' lang='lat' dir='ltr'>eateniu</span> <span class='ocrx_word' id='word_1_571' title='bbox 510 4240 643 4294; x_wconf 79' lang='grc'><strong>66166166</strong></span> <span class='ocrx_word' id='word_1_572' title='bbox 667 4258 709 4295; x_wconf 84' lang='lat' dir='ltr'>res</span> <span class='ocrx_word' id='word_1_573' title='bbox 735 4245 844 4295; x_wconf 86' lang='lat' dir='ltr'>uestras</span> <span class='ocrx_word' id='word_1_574' title='bbox 863 4240 984 4311; x_wconf 86' lang='lat' dir='ltr'>adspice,</span> <span class='ocrx_word' id='word_1_575' title='bbox 1009 4243 1026 4298; x_wconf 93' lang='grc'>1.</span> <span class='ocrx_word' id='word_1_576' title='bbox 1045 4259 1068 4298; x_wconf 89' lang='grc'>6.</span> <span class='ocrx_word' id='word_1_577' title='bbox 1087 4244 1176 4298; x_wconf 86' lang='lat' dir='ltr'>emnia</span> <span class='ocrx_word' id='word_1_578' title='bbox 1196 4244 1367 4300; x_wconf 68' lang='lat' dir='ltr'>Troianorum</span> 
     </span>
     <span class='ocr_line' id='line_1_55' title="bbox 193 4307 1368 4382; baseline 0.005 -21"><span class='ocrx_word' id='word_1_579' title='bbox 193 4308 303 4362; x_wconf 80' lang='grc'><strong>16161116</strong></span> <span class='ocrx_word' id='word_1_580' title='bbox 328 4325 389 4362; x_wconf 90' lang='lat' dir='ltr'>cuni</span> <span class='ocrx_word' id='word_1_581' title='bbox 414 4308 558 4370; x_wconf 89' lang='lat' dir='ltr'>corruerit,</span> <span class='ocrx_word' id='word_1_582' title='bbox 583 4307 781 4362; x_wconf 85' lang='lat' dir='ltr'>benetentum</span> <span class='ocrx_word' id='word_1_583' title='bbox 808 4309 866 4362; x_wconf 88' lang='lat' dir='ltr'>eius</span> <span class='ocrx_word' id='word_1_584' title='bbox 893 4313 1000 4378; x_wconf 85' lang='lat' dir='ltr'>partem</span> <span class='ocrx_word' id='word_1_585' title='bbox 1021 4311 1158 4382; x_wconf 81' lang='lat' dir='ltr'>adspice.“</span> <span class='ocrx_word' id='word_1_586' title='bbox 1194 4312 1282 4367; x_wconf 86' lang='lat' dir='ltr'>Putat</span> <span class='ocrx_word' id='word_1_587' title='bbox 1301 4311 1368 4366; x_wconf 80' lang='lat' dir='ltr'>enini</span> 
     </span>
     <span class='ocr_line' id='line_1_56' title="bbox 191 4375 1366 4450; baseline 0.007 -21"><span class='ocrx_word' id='word_1_588' title='bbox 191 4375 232 4429; x_wconf 81' lang='lat' dir='ltr'>vir</span> <span class='ocrx_word' id='word_1_589' title='bbox 251 4376 333 4441; x_wconf 74' lang='lat' dir='ltr'>dect,</span> <span class='ocrx_word' id='word_1_590' title='bbox 352 4380 384 4431; x_wconf 91' lang='lat' dir='ltr'>ut</span> <span class='ocrx_word' id='word_1_591' title='bbox 401 4376 508 4431; x_wconf 84' lang='lat' dir='ltr'>dicatur</span> <span class='ocrx_word' id='word_1_592' title='bbox 520 4393 642 4446; x_wconf 67' lang='grc'><strong>6696666</strong></span> <span class='ocrx_word' id='word_1_593' title='bbox 651 4395 672 4447; x_wconf 89' lang='lat' dir='ltr'>p</span> <span class='ocrx_word' id='word_1_594' title='bbox 710 4393 786 4441; x_wconf 79' lang='lat' dir='ltr'>aare,</span> <span class='ocrx_word' id='word_1_595' title='bbox 804 4379 932 4441; x_wconf 79' lang='lat' dir='ltr'>furorem</span> <span class='ocrx_word' id='word_1_596' title='bbox 947 4380 1044 4445; x_wconf 82' lang='lat' dir='ltr'>farere</span> <span class='ocrx_word' id='word_1_597' title='bbox 1058 4386 1087 4436; x_wconf 89' lang='grc'>66</span> <span class='ocrx_word' id='word_1_598' title='bbox 1097 4379 1208 4450; x_wconf 78' lang='lat' dir='ltr'>similia,</span> <span class='ocrx_word' id='word_1_599' title='bbox 1221 4382 1263 4436; x_wconf 77' lang='lat' dir='ltr'>ita</span> <span class='ocrx_word' id='word_1_600' title='bbox 1280 4380 1366 4442; x_wconf 74' lang='lat' dir='ltr'>etiem,</span> 
     </span>
     <span class='ocr_line' id='line_1_57' title="bbox 192 4443 1367 4514; baseline 0.008 -18"><span class='ocrx_word' id='word_1_601' title='bbox 192 4443 312 4498; x_wconf 84' lang='lat' dir='ltr'>sidicas</span> <span class='ocrx_word' id='word_1_602' title='bbox 336 4462 460 4514; x_wconf 81' lang='lat' dir='ltr'>aequora</span> <span class='ocrx_word' id='word_1_603' title='bbox 480 4463 562 4500; x_wconf 74' lang='lat' dir='ltr'>cam-o</span> <span class='ocrx_word' id='word_1_604' title='bbox 584 4446 661 4512; x_wconf 75' lang='lat' dir='ltr'>(Aen.</span> <span class='ocrx_word' id='word_1_605' title='bbox 716 4448 825 4512; x_wconf 59' lang='grc'><strong>,2366</strong></span> <span class='ocrx_word' id='word_1_606' title='bbox 852 4445 902 4499; x_wconf 90' lang='lat' dir='ltr'>hoc</span> <span class='ocrx_word' id='word_1_607' title='bbox 927 4447 982 4502; x_wconf 87' lang='lat' dir='ltr'>fere</span> <span class='ocrx_word' id='word_1_608' title='bbox 1008 4450 1079 4505; x_wconf 91' lang='lat' dir='ltr'>idem</span> <span class='ocrx_word' id='word_1_609' title='bbox 1107 4464 1166 4502; x_wconf 87' lang='lat' dir='ltr'>csse</span> <span class='ocrx_word' id='word_1_610' title='bbox 1211 4451 1266 4505; x_wconf 83' lang='lat' dir='ltr'>uod</span> <span class='ocrx_word' id='word_1_611' title='bbox 1288 4463 1367 4504; x_wconf 76' lang='lat' dir='ltr'>eim</span> 
     </span>
     <span class='ocr_line' id='line_1_58' title="bbox 191 4513 1369 4587; baseline 0.003 -23"><span class='ocrx_word' id='word_1_612' title='bbox 191 4528 301 4565; x_wconf 77' lang='lat' dir='ltr'>curcum</span> <span class='ocrx_word' id='word_1_613' title='bbox 319 4513 492 4576; x_wconf 64' lang='lat' dir='ltr'>mantimum,</span> <span class='ocrx_word' id='word_1_614' title='bbox 510 4514 543 4566; x_wconf 80' lang='lat' dir='ltr'>id</span> <span class='ocrx_word' id='word_1_615' title='bbox 559 4520 584 4565; x_wconf 82' lang='lat' dir='ltr'>te</span> <span class='ocrx_word' id='word_1_616' title='bbox 600 4513 697 4567; x_wconf 79' lang='lat' dir='ltr'>hortor</span> <span class='ocrx_word' id='word_1_617' title='bbox 715 4514 732 4567; x_wconf 91' lang='lat' dir='ltr'>i.</span> <span class='ocrx_word' id='word_1_618' title='bbox 752 4532 776 4584; x_wconf 92' lang='lat' dir='ltr'>q.</span> <span class='ocrx_word' id='word_1_619' title='bbox 795 4531 854 4567; x_wconf 83' lang='lat' dir='ltr'>eum</span> <span class='ocrx_word' id='word_1_620' title='bbox 870 4515 1008 4572; x_wconf 77' lang='lat' dir='ltr'>hortatum</span> <span class='ocrx_word' id='word_1_621' title='bbox 1019 4526 1044 4571; x_wconf 86' lang='lat' dir='ltr'>te</span> <span class='ocrx_word' id='word_1_622' title='bbox 1055 4519 1162 4585; x_wconf 80' lang='lat' dir='ltr'>bortor,</span> <span class='ocrx_word' id='word_1_623' title='bbox 1181 4536 1195 4574; x_wconf 92' lang='grc'>6</span> <span class='ocrx_word' id='word_1_624' title='bbox 1227 4561 1243 4585; x_wconf 94' lang='grc'>.,</span> <span class='ocrx_word' id='word_1_625' title='bbox 1262 4520 1369 4587; x_wconf 85' lang='lat' dir='ltr'>ideoque</span> 
     </span>
    </p>
   </div>
   <div class='ocr_carea' id='block_1_6' title="bbox 192 4578 1369 4663">
    <p class='ocr_par' dir='ltr' id='par_1_10' title="bbox 192 4578 1369 4663">
     <span class='ocr_line' id='line_1_59' title="bbox 192 4578 1369 4663; baseline 0.006 -29"><span class='ocrx_word' id='word_1_626' title='bbox 192 4578 277 4635; x_wconf 82' lang='lat' dir='ltr'>etiem</span> <span class='ocrx_word' id='word_1_627' title='bbox 298 4581 351 4638; x_wconf 84' lang='lat' dir='ltr'>boc</span> <span class='ocrx_word' id='word_1_628' title='bbox 375 4587 479 4636; x_wconf 79' lang='grc'><strong>6666616</strong></span> <span class='ocrx_word' id='word_1_629' title='bbox 502 4581 596 4654; x_wconf 82' lang='lat' dir='ltr'>aspice</span> <span class='ocrx_word' id='word_1_630' title='bbox 616 4582 767 4654; x_wconf 84' lang='lat' dir='ltr'>sigiiidcare</span> <span class='ocrx_word' id='word_1_631' title='bbox 789 4599 880 4654; x_wconf 87' lang='lat' dir='ltr'>posse:</span> <span class='ocrx_word' id='word_1_632' title='bbox 908 4583 980 4643; x_wconf 89' lang='lat' dir='ltr'>hunc</span> <span class='ocrx_word' id='word_1_633' title='bbox 1005 4590 1114 4644; x_wconf 84' lang='lat' dir='ltr'>tantuin</span> <span class='ocrx_word' id='word_1_634' title='bbox 1143 4587 1304 4663; x_wconf 84' lang='lat' dir='ltr'>adspectum</span> <span class='ocrx_word' id='word_1_635' title='bbox 1324 4601 1369 4641; x_wconf 80' lang='lat' dir='ltr'>iius</span> 
     </span>
    </p>
   </div>
   <div class='ocr_carea' id='block_1_7' title="bbox 0 0 1443 4980">
    <p class='ocr_par' dir='ltr' id='par_1_11' title="bbox 0 0 1443 4980">
     <span class='ocr_line' id='line_1_60' title="bbox 0 0 1443 4980; baseline 0 0"><span class='ocrx_word' id='word_1_636' title='bbox 0 0 1443 4980; x_wconf 95' lang='lat' dir='ltr'> </span> 
     </span>
    </p>
   </div>
  </div>
 </body>
</html>
