2858 4964
99 143 108 172 Ι

459 217 690 285 AENEIDOS
712 217 797 284 ΗΒ.
818 218 875 286 VI

62 383 94 447 *1
140 382 213 447 ibus
236 383 365 469 inponit
386 384 498 461 sacris,
520 384 679 450 libamina
691 385 816 532 prima,

109 487 166 530 oce
187 487 311 530 vocans
335 465 482 531 Hecaten
505 467 670 555 Caeloque
724 467 866 554 reboque
888 480 1061 556 potentem.

77 548 275 634 Supponunt
294 547 351 612 alii
373 548 493 614 cultros
514 550 726 637 tepidumque
748 573 895 615 cruorem

78 630 269 716 Suscipiunt
287 632 419 718 pateris.
461 633 537 730 Ipse
559 634 622 697 atri
645 633 774 698 velleris
797 656 916 719 agnam

76 713 206 777 Aeneas
228 716 326 778 matri
348 714 566 780 Eumenidum
589 738 792 803 magnaeque
815 719 918 783 sorori

76 796 165 860 Ense
186 795 263 860 ferit
285 797 491 883 sterilemque
512 798 583 880 tibi,
607 799 818 886 Proserpina,
841 823 986 866 vaccam.

77 879 161 942 Tum
183 878 300 964 Stygio
321 880 392 966 regi
413 890 589 946 nocturnas
613 881 745 947 incohat
766 904 841 946 aras

75 960 121 1027 Et
141 961 246 1027 solida
267 963 395 1051 inponit
415 971 586 1031 taurorum
606 966 737 1031 viscera
757 963 899 1032 flammis

78 1165 288 1179 m

75 1314 162 1368 solnm
191 1313 223 1368 de
250 1313 348 1368 suillis.
384 1313 427 1367 Sic
449 1312 531 1367 houm
549 1316 623 1368 setae
641 1314 723 1369 etiam
742 1316 808 1371 Aen.
828 1314 890 1382 VII,
919 1319 986 1378 190,
1015 1316 1121 1370 leonum
1140 1316 1204 1370 ibid.
1224 1334 1248 1368 v.

74 1386 142 1443 661,
171 1398 299 1451 equorum
317 1381 372 1435 Cic.
390 1381 469 1435 Tusc.
489 1381 521 1445 V,
546 1385 589 1448 21,
615 1385 666 1443 62,
693 1399 832 1436 cervorum
849 1381 908 1435 Val.
930 1383 970 1436 Fl.
991 1383 1038 1444 VI,
1058 1386 1116 1435 711.
1135 1399 1249 1437 comme-

75 1452 214 1503 morantur
240 1453 303 1504 cett.
322 1445 436 1508 -246.
470 1449 615 1519 inponit.
652 1449 693 1503 Cf.
714 1449 737 1513 I,
756 1454 797 1503 49.
829 1450 876 1514 IV,
894 1453 944 1504 453
963 1458 1014 1504 etc.
1035 1451 1250 1504 -libamina

72 1517 183 1587 primo
211 1514 374 1585 (ἀπαρχάς).
412 1514 775 1572 Vid.adnott.adv.153.
813 1517 918 1571 Peerlk.
956 1522 1044 1572 raetcr
1060 1518 1252 1572 necessitatem

74 1584 140 1638 coni.
160 1584 276 1653 imponet
294 1584 384 1637 sacris
402 1583 544 1647 libamina,
606 1585 682 1638 ‘mam
704 1585 776 1639 Voce
792 1601 895 1638 vocatae
946 1592 1098 1639 ecaton-
1116 1583 1183 1646 247.
1200 1585 1251 1639 Co-

73 1649 552 1788 nssculu‘uutuu.
581 1652 1250 1790 dictamentenuato-edut-

74 1787 107 1847 X,
131 1789 181 1849 31..
205 1802 270 1840 voce
287 1787 403 1856 precari
418 1785 490 1840 infra
506 1786 554 1849 IX,
582 1790 640 1840 4113.
671 1786 705 1852 X,
725 1791 791 1849 785..
811 1805 876 1841 voce
894 1792 1003 1855 referre
1020 1788 1041 1850 Ι,
1061 1792 1103 1841 al.
1122 1791 1179 1842 208.
1211 1788 1250 1849 11,
1300 1826 1309 1837 .

74 1857 130 1909 521.
150 1857 201 1907 etc.
220 1853 309 1908 Verba
324 1853 395 1906 Voce
411 1871 513 1907 vocam
526 1854 647 1907 Hecaton
667 1857 826 1923 repetuntur
844 1855 872 1907 in
889 1855 973 1908 Anth.
991 1855 1052 1910 Lat.
1072 1855 1095 1915 Ι,
1116 1858 1171 1918 118,
1192 1858 1250 1908 331.

73 1951 105 1960 -
126 1920 228 1975 Caelo
279 1928 430 1983 aternum,
460 1923 554 1989 utpote
573 1921 678 1975 Lunam
707 1940 729 1975 s.
751 1921 875 1975 Dianam.
911 1921 970 1978 Vid.
999 1921 1103 1989 adIIl,
1132 1925 1190 1975 681.
1222 1923 1251 1976 et

72 1989 119 2054 IV,
142 1992 198 2042 511.
271 1991 358 2043 terum
378 1988 411 2042 cf.
431 1988 492 2050 VH,
520 1992 578 2044 140.
603 1989 730 2058 displices
748 1988 885 2058 Caeloque
901 1990 1047 2060 Ereboque
1061 1997 1199 2060 parentes.
1217 2019 1250 2027 -—

72 2052 139 2116 248-
166 2063 385 2125 „supponant
402 2057 546 2123 cultros,
566 2057 704 2120 subiectis,
723 2056 841 2110 admotis
859 2056 929 2110 infra
947 2058 997 2113 suh
1015 2057 1117 2125 iugulo,
1135 2059 1167 2110 ut
1185 2056 1249 2111 Goo.

71 2123 123 2183 111,
142 2127 200 2176 192.
218 2123 465 2192 supportandos,
486 2140 516 2178 er
534 2124 663 2192 religione
681 2125 708 2177 in
728 2124 811 2178 sacris
831 2124 923 2178 inferis
943 2125 1094 2189 notissima,
1112 2127 1144 2177 ut
1164 2140 1250 2193 prona

72 2193 100 2242 et
119 2206 218 2243 corona
236 2191 401 2244 mactaretur
418 2188 529 2244 uictima
547 2191 598 2244 diis
617 2191 738 2245 inieris.“
772 2192 861 2260 Hepn.
892 2192 1016 2245 Victimis
1034 2193 1128 2245 contra
1145 2191 1250 2261 superis

73 2256 125 2310 diis
143 2256 316 2311 immolandis
335 2256 422 2309 culter
440 2258 631 2326 imponebatur
649 2276 671 2312 s.
690 2275 804 2326 superne
822 2259 1024 2314 admovebatur.
1056 2258 1098 2313 Cf.
1118 2259 1194 2313 Voss.
1215 2258 1250 2313 acl

73 2324 138 2378 Gco.
157 2324 177 2378 l.
195 2324 213 2378 l.
234 2326 262 2378 et
280 2322 375 2377 Adam.
394 2323 476 2377 Iddm.
496 2324 613 2378 Altertb.
634 2325 654 2378 I.
674 2342 700 2393 p.
722 2329 779 2380 bib.
815 2326 902 2380 cerua
920 2327 1034 2381 conferri
1052 2327 1128 2382 iubet
1144 2327 1250 2396 Myrsili

73 2391 105 2446 de
125 2392 179 2445 reb.
198 2390 278 2446 Lesb.
297 2394 320 2446 2.
350 2390 432 2445 verba
461 2389 600 2444 elatam
632 2394 659 2443 οἱ
682 2394 765 2458 tapsi<
795 2396 828 2445 td
858 2393 962 2463 triopa
991 2400 1049 2453 τοῖς
1072 2396 1146 2448 κάτω
1170 2401 1249 2454 θεοῖς

73 2457 259 2529 ἔνογιζόμενα
282 2458 313 2513 ἐν
334 2463 366 2529 τῇ
391 2461 425 2530 γῇ
444 2458 660 2529 ἀποτέμνεσθαι
680 2459 730 2520 rire
747 2460 880 2528 κεφαλάς.
905 2461 978 2515 οὕτω
996 2462 1051 2528 γὰρ
1069 2460 1171 2514 θύουσι
1192 2467 1250 2521 τοῖς

73 2527 265 2596 ὑποχθονίοις,
286 2532 343 2587 τοῖς
361 2524 392 2579 δὲ
411 2526 552 2594 οὐρανίοις
571 2522 628 2577 ἅνω
649 2526 856 2597 ἀναστρέφουσα
879 2532 935 2582 τῶν
955 2530 1064 2598 ἱερείων
1082 2528 1131 2581 τὸν
1149 2526 1250 2594 ηνάχη·

73 2598 120 2647 ιον
140 2591 305 2665 σφάζοντες,
323 2608 391 2672 quae
409 2594 501 2645 tamen
520 2592 590 2646 inter
604 2591 708 2660 Myrsili
726 2592 751 2645 fr
789 2610 822 2647 m.
844 2594 872 2645 in
889 2593 1013 2648 Muellori
1025 2594 1134 2662 Fragm.
1154 2593 1249 2647 histor.

72 2661 165 2715 Graec.
194 2661 341 2715 desiderari
370 2663 503 2714 memorat
521 2659 680 2727 Coriington.
700 2691 733 2699 -
791 2661 816 2721 9.
847 2668 877 2713 tc
906 2661 996 2716 idum
1025 2678 1180 2714 cruorem
1207 2661 1250 2726 (ut

72 2729 152 2797 VIII,
193 2731 261 2796 106.)
295 2728 494 2806 οινοοιόἰοοιι
526 2729 584 2846 (pro
621 2726 726 2795 vulgari
754 2679 901 2848 excipiunV
938 2729 991 2782 vid.
1023 2728 1050 2790 Ι,
1083 2730 1150 2794 115.)
1185 2746 1249 2798 pa·

71 2797 167 2859 teris,
200 2813 252 2860 „ne
268 2797 322 2849 iam
346 2797 468 2850 sacratus
487 2811 513 2847 ru
545 2811 632 2848 errem
652 2794 750 2847 eadat“
789 2812 806 2848 u
837 2796 960 2850 Donatus
979 2796 1112 2862 adnotat),
1142 2796 1185 2850 vel
1203 2812 1249 2863 po·

72 2864 136 2925 tius,
164 2867 196 2917 nt
222 2863 285 2918 inde
305 2862 386 2917 libari
422 2861 496 2916 ossit.
532 2861 573 2941 tif.
592 2861 644 2924 ΙΠ,
668 2866 710 2940 ⁶?-
733 2863 761 2915 ct
794 2903 815 2941 ι,
840 2866 879 2918 18.
899 2863 1061 2933 §coaptant
1078 2863 1249 2941 autemeam

71 2931 199 3000 Hauptio,
226 2930 379 2998 Ribbeckio,
443 2946 505 2998 agn.
537 2946 564 2983 m
593 2931 730 2984 recentlss.
759 2929 824 2982 eda.
853 2931 882 2983 et
900 2930 1068 2998 Coningtone
1094 2930 1250 2998 scripsimus

70 2998 165 3066 fragm.
174 2999 247 3060 Vat,
258 2998 326 3061 Pu..
337 2995 408 3053 Gud.
419 3012 435 3050 a
445 3014 479 3053 m.
491 3013 542 3051 sec.
553 2997 673 3065 aliosque
684 2996 767 3050 libros
776 2997 869 3051 secuti.
890 2996 932 3053 cf.
942 2997 1048 3052 adnott.
1061 2997 1095 3051 ad
1108 2997 1124 3050 l
1139 2996 1216 3050 modo
1229 2995 1249 3048 l.

73 3097 104 3103 —-
122 3067 196 3118 atri
223 3064 363 3119 velleris
393 3082 518 3132 apuam.
555 3064 706 3133 Voningtou
725 3063 914 3119 confertstat.
934 3065 1017 3119 Theb.
1037 3064 1084 3126 IV,
1108 3068 1166 3117 415.
1188 3062 1250 3117 Vel·

71 3134 139 3186 arie
156 3133 266 3188 obscuri
304 3133 408 3186 coneda.
418 3161 450 3168 -
461 3129 527 3193 259.
541 3133 641 3184 rnatri
649 3131 881 3196 Eumenidum,
900 3132 980 3187 Nocti
994 3131 1059 3199 (vid.
1071 3130 1107 3186 ad
1119 3131 1249 3191 v11,331.

72 3202 100 3253 et
117 3200 151 3255 cl.
168 3200 230 3262 XII,
259 3204 318 3254 86.
349 3215 410 3253 cnm
428 3199 522 3252 dasch.
541 3199 654 3254 Eumen.
675 3202 736 3254 322.
764 3199 798 3254 ab
824 3199 908 3269 Heyn.
936 3198 1030 3263 laud),
1048 3219 1097 3254 ma
1124 3215 1250 3278 noeque

73 3267 151 3330 (ciust
180 3268 309 3331 sorori,
342 3266 454 3330 Terrae;
484 3269 600 3335 utraque
632 3267 702 3321 enim
732 3284 763 3322 er
791 3266 864 3321 Chao
893 3269 1042 3336 procreata.
1077 3217 1121 3322 Cb.
1141 3264 1249 3320 Hesrod.

74 3334 171 3402 Theog.
195 3337 241 3387 123
260 3351 301 3404 aq.
329 3335 357 3388 et
376 3333 482 3454 Hngs

73 3401 161 3455 locum
179 3401 240 3455 hino
259 3416 413 3469 expressum
457 3442 464 3465 ,
483 3404 533 3454 429
551 3418 563 3454 s
583 3418 610 3470 q.
628 3430 661 3439 -
677 3397 742 3461 2512
762 3402 911 3456 sterilem
929 3420 1078 3463 caecam,
1097 3416 1164 3469 qnae
1186 3400 1249 3455 deae

72 3483 219 3538 numquam
240 3469 352 3523 enitenti
370 3469 438 3522 bene
456 3416 587 3523 convenii.
611 3468 655 3522 Sic
676 3468 759 3522 etiam
776 3485 820 3537 ap.
838 3469 917 3523 Hom.
936 3469 986 3524 Od.
1004 3468 1051 3533 XI,
1073 3472 1114 3522 30.
1134 3474 1250 3534 σπεῖρον

72 3540 141 3602 βοῦν
167 3537 298 3590 mactant.
323 3565 356 3574 —
378 3532 443 3595 252.
480 3535 601 3615 Stppio
637 3535 724 3604 cepi,
754 3535 874 3591 Plutoni.
910 3536 968 3591 Vid.
999 3535 1034 3590 ad
1062 3535 1110 3600 IV,
1140 3539 1198 3590 638.
1216 3567 1249 3574 -

73 3609 258 3656 nocturnae
286 3621 378 3667 aras,
405 3602 468 3672 quta
487 3601 540 3656 diis
557 3603 651 3657 inferis
671 3618 748 3658 sacra
765 3603 836 3657 fiunt
852 3606 942 3657 noctu.
977 3602 1020 3657 Cf.
1039 3603 1145 3658 adnott.
1162 3602 1197 3657 ad
1215 3603 1248 3664 V,

75 3674 131 3723 162.
152 3688 250 3732 „aram
269 3673 336 3739 puta
353 3671 380 3724 iu
400 3671 492 3724 scrobe
510 3668 634 3751 excisam,
653 3672 684 3724 ut
700 3672 729 3724 in
747 3671 831 3726 sacris
849 3671 956 3734 inferis3
974 3671 1036 3725 hinc
1054 3672 1170 3726 nonita
1183 3688 1250 3724 orna

72 3737 140 3790 dixit
157 3737 217 3791 an.
236 3737 277 3794 ul.
289 3737 340 3800 111,
359 3738 440 3790 deofl
458 3737 548 3807 Hepn.
569 3769 599 3775 --
617 3738 760 3795 tacebat.
781 3739 825 3794 Sic
842 3738 997 3807 scripsimus
1015 3755 1076 3794 cum
1090 3739 1152 3793 Han
1171 3739 1209 3791 tio
1221 3740 1250 3791 ct

72 3804 215 3859 Ribbechio
235 3804 318 3858 Codd.
336 3804 405 3871 Pal,
432 3804 517 3869 Rom,
545 3804 615 3859 (iud.
643 3807 670 3859 et
694 3805 774 3862 Bern.
800 3806 835 3861 11.
863 3806 956 3861 secuti.
991 3806 1054 3860 Vid.
1077 3757 1184 3861 educit.
1214 3804 1249 3859 ad

72 3872 136 3927 Geo.
156 3872 208 3938 111,
226 3876 268 3926 42.
299 3872 434 3926 lncboare
452 3871 507 3938 (vel
524 3872 615 3952 potins
633 3873 773 3936 incohare)
811 3876 843 3926 ut
869 3874 977 3928 omnino
996 3874 1132 3943 significat
1150 3871 1248 3926 funda-

73 3941 194 3993 mentum
214 3939 299 3994 iacere
315 3939 429 3994 alicuius
454 3939 502 4007 rei,
525 3943 565 3993 1ta
583 3939 666 3994 etiam
684 3939 717 3994 de
734 3913 861 3995 aecliflciis
880 3942 1084 4010 quibuscunque
1102 3939 1248 4017 condendis

72 4009 234 4076 usurpatum
251 4023 309 4061 ease
325 4006 439 4061 videtur.
474 4007 582 4061 Servius
599 4010 690 4061 tamen
708 4008 820 4061 verbum
840 4025 979 4063 sacrorum
996 4024 1053 4063 esse
1072 4007 1166 4063 tradit.
1205 4006 1249 4059 Sic

72 4075 155 4130 etiam
178 4074 232 4128 Cic.
251 4091 293 4144 pr.
312 4073 382 4128 dom.
402 4079 443 4142 51,
464 4077 519 4128 132.
537 4075 681 4129 ἀεὶοὺνοοι
698 4076 836 4129 inchoare.
862 4076 951 4130 Verba
968 4083 1116 4130 nocturnae
1133 4075 1250 4128 inchoat

72 4161 139 4196 orne
156 4141 285 4210 leguntur
304 4142 387 4196 etiam
403 4141 430 4194 in
444 4140 526 4196 Anth.
541 4142 601 4199 Lat.
614 4142 637 4204 Ι,
659 4145 715 4203 118,
734 4145 791 4196 323,
809 4173 843 4181 -
859 4139 925 4204 253·
945 4143 1084 4207 ..soluta
1102 4142 1246 4204 viscera,
1295 4167 1298 4173 ·

72 4212 158 4263 totam
186 4208 333 4288 victimam.
373 4209 484 4263 Viscera
510 4226 558 4278 pro
585 4209 713 4289 comibus·
727 4209 1006 4331 etucrudiapartihus
1024 4210 1106 4263 etiam
1125 4207 1190 4262 alibi
1210 4207 1248 4262 le·

72 4275 1249 4422 99191331999.ἓ9·1ο913319ῗᾞο91391333113

12 4436 20 4442 ·
72 4416 133 4531 ἓν*
169 4411 256 4482 Hepn.
293 4413 338 4468 Sic
365 4412 473 4466 aalma
502 4411 535 4465 de
558 4413 619 4465 tota
638 4411 729 4482 aliqua
747 4428 785 4473 re,
816 4412 892 4466 nulla
908 4415 986 4483 parte
1003 4413 1136 4481 exempta,
1165 4414 1248 4465 etlam

110 4478 138 4531 bi
156 4479 265 4547 legitur,
285 4483 317 4535 ut
334 4497 377 4551 ap.
396 4478 473 4535 ond.
493 4479 558 4533 Met.
578 4478 641 4543 XII,
662 4483 718 4534 356.
737 4480 829 4533 solido
898 4479 1017 4533 avellem
1037 4486 1135 4532 trunco
1154 4477 1248 4532 Anno-

71 4547 243 4615 canapinam
259 4566 303 4602 ma
341 4567 358 4602 o
378 4547 517 4601 molimine
535 4553 627 4600 anat.
647 4546 744 4602 Iustin.
840 4551 891 4613 ,1,
910 4549 934 4599 3.
955 4546 1059 4600 Terrae
1076 4552 1165 4600 metm
1180 4544 1248 4599 aoli-

72 4614 125 4667 das
142 4613 265 4668 civitatee
331 4614 429 4669 orbuit.
458 4615 524 4670 Hor.
542 4614 592 4670 od.
611 4614 633 4677 Ι,
656 4618 679 4679 1,
698 4617 737 4668 29.
765 4623 872 4686 partem
896 4615 989 4670 aalide
1011 4615 1118 4669 demere
1140 4615 1174 4668 cle
1192 4612 1247 4669 die.

480 3334 523 3387 ab.
543 3332 628 3402 praef.
646 3334 682 3388 in.
701 3333 787 3403 Heyn.
806 3350 867 3388 cum
881 3333 908 3388 h.
926 3334 947 3388 1.
965 3333 1080 3388 conferri
1098 3334 1173 3387 iubet
1190 3332 1251 3386 Silii
