2872 4980
172 207 232 271 342
524 205 561 269 Ρ.
583 202 769 272 VERGILI
789 203 988 271 MARONIS

171 371 366 436 Excutimur
388 394 485 437 cursu
507 381 538 437 et
560 374 667 437 caecis
690 395 836 437 erramus
854 372 889 436 in
910 370 1015 435 undis.

172 457 246 602 Ilpse
269 455 355 519 diem
376 465 568 542 noctemque
589 467 686 603 negat
707 453 892 521 discernere
914 453 1003 520 eaelo

207 561 224 602 e
654 563 674 604 a

226 561 244 602 c
265 541 450 603 meminisse
470 541 543 604 viae
566 562 616 603 me
693 540 867 604 Palinurus
888 540 922 603 in
944 537 1040 602 unda.

174 621 250 685 Tris
274 621 355 687 adeo
377 624 517 687 incertos
538 644 637 687 caeca
660 623 798 709 caligine
820 621 903 687 soles

172 793 240 854 231.)
258 792 365 859 ipuee,
384 794 508 856 fulmina,
528 795 611 848 obru
639 796 683 848 tis
700 796 853 862 nubitur,
870 794 1074 863 prorumpentes
1093 809 1126 846 ex
1146 792 1266 847 nubibus
1279 792 1344 845 loris

174 857 288 912 fulmine
305 860 385 927 fissis,
405 862 506 916 scissis.
540 862 581 916 Cf.
626 879 664 917 eo.
685 862 736 930 III,
757 866 816 916 256.
847 863 912 916 Aen.
934 861 970 921 11,
989 864 1047 914 116.
1065 861 1128 922 XII,
1147 864 1208 914 151.
1228 860 1307 915 Silius
1324 860 1343 923 I,

175 930 230 980 135.
252 927 297 990 Vl,
316 931 374 984 666.
392 930 468 994 VIII,
488 934 544 984 653.
563 930 648 994 XVII,
670 933 728 982 252.
750 930 826 986 Ovid.
845 931 920 984 Fast.
939 928 976 991 ΙΙ,
995 932 1054 982 465.
1081 928 1142 982 Val.
1161 928 1205 982 ΙΙ.
1225 928 1272 991 IV,
1290 930 1344 981 661.

173 994 553 1078 etClaud.inEutrop.112
581 1000 637 1050 166.
659 998 743 1052 Pauci
760 997 843 1052 Codd.
866 998 947 1061 (inter
965 1012 1039 1118 dquos
1065 996 1156 1076 sched.
1176 996 1297 1066 Sangall.
1319 997 1344 1049 et

173 1063 270 1116 Moret.
288 1064 336 1122 11.»
354 1068 466 1135 auupu
482 1067 598 1119 urebatur
615 1066 698 1134 iprua,
718 1083 798 1135 quam
810 1065 953 1120 lectionem
984 1064 1087 1118 efendrt
1098 1065 1204 1119 Wakef.
1223 1065 1259 1119 ad
1271 1065 1344 1118 Lucr.

172 1130 209 1198 Π,
229 1133 296 1192 214,
315 1134 362 1187 ubi
379 1150 443 1187 sane
461 1133 561 1255 legitur
579 1133 663 1186 Nune
678 1134 734 1195 lite,
751 1152 824 1188 aune
842 1134 901 1187 illie
918 1132 1032 1202 compti
1047 1134 1164 1186 nubibm
1184 1134 1263 1201 ique-2
1281 1132 1345 1184 Con·

172 1207 295 1266 curraut,
338 1202 479 1255 uemadmo
499 1219 545 1256 um
570 1217 613 1270 ap.
633 1201 703 1255 Stat.
721 1201 804 1255 Theb.
821 1201 848 1263 I,
872 1204 929 1254 35³.
954 1203 1074 1269 abrupta
1097 1201 1258 1254 aenaeam
1281 1199 1346 1252 Ful·

172 1284 254 1347 pura
288 1219 339 1323 Sei
359 1270 533 1338 plurimorum
551 1267 635 1323 eodd.
660 1269 738 1323 lectio
764 1269 830 1323 locis
852 1284 935 1338 supra
955 1267 1075 1322 laudatis
1101 1269 1172 1321 satIs
1194 1267 1346 1323 defenditur

173 1351 228 1454 qna
246 1350 274 1386 ιιι
295 1354 323 1390 re
342 1338 481 1391 nobiscum
499 1337 634 1391 consentit
652 1337 810 1391 Haeckerm.
830 1337 857 1390 in
870 1337 1001 1391 Zeitselrr.
1013 1338 1063 1390 etc.
1081 1335 1155 1389 xlx.
1176 1354 1203 1405 p.
1220 1339 1278 1389 112.
1298 1335 1346 1388 La·

192 1419 238 1455 ew.
257 1406 348 1458 autem
366 1405 490 1472 adnotat,
509 1405 668 1472 Vergilium,
687 1404 821 1467 Ovidium,
840 1404 908 1458 alios
926 1404 999 1473 loqui
1016 1406 1050 1458 ut
1067 1407 1173 1472 poetas,
1196 1403 1346 1458 Lucretium

172 1472 318 1540 veroutph
337 1473 430 1526 sicum.
449 1473 663 1526 Ceterumverba
670 1473 972 1542 iupemtuautabruptie
980 1473 1094 1525 uuhibtu
1102 1472 1180 1539 ipuea
1190 1474 1346 1541 repetuntur

171 1538 199 1590 in
211 1537 296 1591 Anth.
329 1544 366 1593 at.
380 1540 402 1601 I,
415 1543 471 1602 Its,
486 1543 543 1593 319.
558 1572 590 1579 -
602 1537 666 1599 200.
678 1540 794 1593 caecis
804 1573 814 1582 -
826 1570 837 1581 ·
851 1540 884 1591 in
897 1541 1008 1600 audis,
1021 1539 1049 1591 in
1060 1539 1168 1609 quibus,
1178 1540 1300 1593 tenebris
1309 1538 1346 1591 iu·

172 1605 275 1668 voluti,
301 1624 355 1676 qua
372 1607 398 1659 in
421 1610 499 1675 parte
520 1607 602 1661 maris
621 1624 789 1662 versaremur
812 1611 841 1661 et
878 1625 911 1660 uo
929 1606 1100 1671 veheremur,
1124 1606 1279 1661 discernere
1299 1625 1346 1659 uon

192 1675 336 1727 oteramus.
373 1675 432 1727 Vid.
455 1675 489 1727 ad
507 1675 570 1728 Geo.
592 1674 629 1735 ll,
648 1679 706 1727 503.
735 1678 763 1729 et
780 1676 846 1728 Aen.
900 1679 968 1739 ,19.
1001 1673 1083 1728 Orell.
1106 1677 1200 1728 tamen
1227 1675 1263 1729 ad
1286 1675 1346 1727 Hor.

171 1692 221 1794 Ed.
241 1741 296 1821 III,⁸
311 1746 352 1802 21,
371 1746 426 1802 21.,
452 1742 520 1821 hanc
546 1758 633 1821 meam
651 1743 853 1811 explicationem
872 1742 1006 1802 reiiciens,
1027 1743 1118 1822 cqecis
1136 1743 1345 1820 interpretatur:

173 1811 671 1957 ιιιιιιιιιιιιιι,
691 1808 804 1946 ,ιιι-
823 1812 931 1932 ιιι·
945 1809 1347 1956 struerent-..ext

176 1961 227 2013 qno
253 1961 304 1998 usu
320 1945 489 1998 Prononnnis
507 1946 621 1998 diximus
643 1946 677 1998 ad
696 1946 762 2000 Aen.
788 1946 817 2006 Ι,
843 1949 902 1999 625.
937 1945 1050 1998 Prorsus
1073 1944 1169 1997 eadem
1194 1949 1299 1999 ratione
1317 1944 1345 2004 V,

175 2015 214 2065 12.
231 2071 232 2076 ,
250 2013 315 2082 Ipae
333 2016 498 2076 puberrrotor
508 2014 605 2119 puppi
621 2014 773 2066 Palinurus
791 2015 826 2065 ub
844 2014 918 2066 altem
956 2012 1034 2064 Heu!
1051 2013 1185 2091 quianam
1206 2015 1280 2066 tereti
1295 2014 1348 2065 cio·

173 2088 271 2132 uerunt
287 2082 397 2133 armore
415 2081 511 2134 nimbi.
537 2082 554 2135 i.
575 2098 598 2134 e.
618 2081 660 2134 cui
678 2082 775 2141 minus,
793 2097 874 2149 quam
887 2081 996 2141 ceteris,
1015 2080 1084 2133 talia
1101 2081 1281 2134 conveniebat
1297 2081 1347 2133 for·

174 2147 284 2200 midare.
320 2149 474 2200 Palinurus
491 2152 591 2213 autem,
612 2149 776 2216 gubernator
793 2148 869 2202 navis
881 2149 993 2211 Aeneae,
1012 2147 1077 2200 Iasii
1091 2149 1151 2200 erat
1166 2148 1240 2201 filins
1258 2151 1285 2201 et
1305 2165 1348 2200 no·

174 2232 235 2268 men
254 2215 330 2268 dedit
348 2216 389 2268 illi
408 2216 540 2269 Lucaniae
558 2217 751 2295 promontorio,
775 2216 834 2279 ubi,
859 2231 919 2269 cum
941 2213 1018 2285 gravi
1040 2216 1133 2268 morbo
1158 2232 1303 2295 oppressus
1322 2216 1347 2267 in

174 2298 258 2402 mquef
266 2299 400 2402 extenssust
411 2286 487 2404 essqtf
501 2291 530 2363 et
547 2284 629 2404 imit
639 2284 771 2405 quqniae
788 2283 1016 2404 adqatqlssegffiab
1038 2283 1135 2403 incqlis
1155 2299 1220 2404 eng}
1234 2284 1348 2403 regifinn

173 2366 494 2481 ¹5¹f1f,¹¹t,tt.·0n
513 2368 652 2479 tute
672 2423 700 2482 e,
722 2369 798 2472 eft:
816 2370 972 2472 feam.
992 2366 1053 2471 ut·
1066 2367 1175 2496 3632
1192 2368 1261 2479 66
1279 2369 1348 2471 6ἶῖ

174 2486 376 2553 memineras,
395 2487 452 2541 scil.
472 2488 549 2553 dicit,
566 2487 637 2606 qnod
657 2504 671 2540 e
683 2487 860 2607 praecedenti
879 2494 959 2552 nepot
976 2487 1004 2551 (i.
1024 2503 1045 2540 e.
1064 2486 1143 2552 «lieu,
1162 2504 1260 2540 aenou
1272 2489 1349 2545 oet-t.)

175 2553 362 2622 supplendum,
383 2557 414 2607 ut
431 2571 517 2621 saepe.
542 2555 584 2607 C.
603 2554 662 2608 l'er.
706 2554 792 2607 horm.
813 2555 849 2614 Il,
869 2558 893 2618 3,
914 2559 1004 2622 isqq.
1032 2554 1123 2620 Nepet
1135 2553 1278 2608 Plautum
1295 2573 1350 2607 ecee

175 2623 246 2673 laerte
262 2622 317 2672 citi
337 2631 481 2688 coprete-tutu
502 2622 657 2691 Denu'plro‘?
694 2622 788 2689 Neque
814 2623 872 2674 airu
892 2630 1001 2692 patrem
1019 2622 1149 2686 rescire,
1176 2625 1228 2690 qni
1246 2624 1350 2686 fuerit?

178 2689 232 2741 Cic.
250 2688 332 2742 Acad.
354 2691 375 2753 Ι,
397 2694 436 2752 12,
454 2694 496 2742 45.
531 2691 673 2742 Arcesilae
690 2692 812 2756 trauehat,
833 2707 889 2742 eece
905 2690 1065 2767 qumquam,
1140 2691 1250 2742 deciri
1264 2692 1353 2761 possit

178 2787 210 2795 ·-
229 2774 313 2825 neque
330 2776 385 2810 esee
402 2758 561 2826 queidquum,
577 2759 653 2825 quod
669 2757 746 2809 cerui
762 2766 810 2809 aut
826 2757 946 2822 iuteltqqi
958 2757 1057 2826 poenit.
1081 2774 1089 2808 ι
1111 2798 1117 2808 .
1138 2756 1192 2810 Off.
1212 2757 1265 2819 ΙΠ,
1284 2761 1309 2818 2,
1326 2763 1351 2811 3.

176 2827 225 2894 qui
241 2834 352 2892 aequat,
376 2844 434 2877 muru
452 2825 542 2876 loeruu
560 2844 579 2876 a
597 2825 732 2878 Panaetio
747 2825 968 2894 praetermissum
1005 2826 1056 2876 aed
1075 2825 1200 2877 eouertlto
1218 2825 1352 2887 relicum,

175 2911 223 2945 nee
240 2893 349 2946 ornrrino
374 2894 546 2945 scribendum
572 2894 669 2957 fuisse.
704 2892 766 2946 Alia
792 2892 914 2959 exempla
938 2866 1104 2959 collegerunt
1127 2891 1248 2946 Gronov.
1273 2893 1352 2947 Obss

175 2960 212 3013 IV
216 3001 222 3021 ,
241 2964 263 3014 2.
283 2978 308 3029 p.
329 2965 387 3014 535.
406 2960 447 3014 ed.
467 2960 590 3013 Frotseh.
611 2960 746 3013 Drakenb.
765 2960 799 3012 ad
819 2959 874 3012 Lir.
894 2959 979 3024 XXII,
999 2963 1040 3025 53,
1060 2963 1085 3011 1.
1110 2959 1220 3013 Ruhnlr.
1239 2961 1275 3014 ad
1288 2961 1350 3013 But.

176 3028 243 3096 Lup.
262 3029 283 3087 Ι,
304 3031 340 3082 13.
361 3046 387 3097 p.
405 3032 446 3082 41.
479 3028 564 3080 Beier.
586 3027 621 3081 ad
639 3027 693 3080 Cic.
713 3027 730 3080 l.
751 3026 770 3082 l.
789 3030 817 3080 et
834 3027 869 3080 ad
889 3026 960 3080 Lael.
987 3030 1032 3089 16,
1059 3031 1099 3080 59.
1146 3033 1214 3082 All.
1247 3029 1351 3082 Waleh.

175 3095 305 3149 Enrendd.
324 3096 398 3150 Livr.
417 3113 443 3164 p.
462 3100 520 3148 227.
544 3095 641 3149 Bromi.
661 3096 695 3147 ad
714 3096 780 3163 Nep.
800 3094 868 3148 Cim.
890 3094 1111 3156 uallatam
1165 3094 1195 3147 ll.
1215 3097 1275 3215 Iqq.
1301 3099 1354 3153 166,

176 3167 198 3215 3.
221 3193 246 3199 —
269 3164 459 3216 meminique
476 3163 519 3216 hic
539 3166 581 3215 est
598 3163 674 3225 scire,
692 3166 723 3215 ut
741 3164 822 3215 antea
839 3162 952 3217 solebat.
987 3162 1048 3215 Vid.
1068 3163 1163 3216 Burm.
1182 3164 1219 3216 ad
1258 3164 1294 3218 al.
1314 3163 1354 3217 sl.

177 3232 209 3292 V,
229 3234 286 3284 561.
322 3232 362 3284 De
381 3233 480 3284 omisso
497 3232 587 3284 autem
606 3231 765 3283 Accusativo
784 3230 901 3284 Subiecti
923 3248 951 3282 oe
973 3229 1024 3282 rid.
1044 3229 1149 3284 adnott
1176 3230 1211 3284 ad
1230 3234 1298 3284 Aen.
1319 3231 1355 3290 Π,

176 3302 218 3350 25.
248 3300 375 3367 Respexit
398 3299 468 3352 hune
495 3315 601 3351 versum
625 3300 718 3351 auctor
741 3297 901 3351 Tetrastieh.
924 3297 952 3350 in
978 3297 1059 3350 luth.
1084 3297 1143 3350 Lat.
1164 3298 1207 3361 ll,
1234 3303 1296 3356 193.
1316 3302 1354 3352 26.

177 3367 363 3433 Destituatque
380 3376 466 3419 retem
477 3367 569 3418 media
582 3365 735 3418 Palinurus
754 3367 782 3417 in
800 3368 886 3419 urufa.
906 3396 936 3402 —
956 3364 1024 3418 Cum
1043 3381 1067 3418 v.
1085 3361 1144 3426 203
1162 3382 1203 3434 sq.
1223 3366 1257 3418 cs.
1274 3366 1353 3419 Hom.

177 3432 225 3486 06.
240 3433 272 3495 V,
287 3438 344 3486 388.
360 3437 388 3486 et
400 3435 481 3487 Silius
494 3433 543 3497 III,
559 3437 616 3487 554.
628 3465 660 3472 -
673 3435 759 3486 acteo
777 3437 850 3486 arcte
864 3433 987 3486 cohaeret
998 3449 1058 3485 cnm
1077 3433 1141 3484 trie
1160 3436 1276 3499 (yanze
1295 3435 1357 3487 drei

179 3501 204 3550 T
204 3503 276 3566 apel.
297 3503 327 3553 ut
345 3502 410 3559 VII,
430 3506 487 3554 629.
526 3501 649 3570 Quinque
667 3502 745 3553 adea.
772 3500 833 3553 Vid.
854 3502 959 3554 adnott.
978 3499 1013 3552 sd
1031 3499 1093 3554 Ge0.
1114 3499 1143 3563 Ι,
1167 3504 1226 3554 287.
1257 3501 1355 3570 Wagn.

178 3567 226 3632 Qu.
248 3567 322 3634 Virg.
341 3568 438 3622 XXVI.
458 3569 529 3622 anibi
551 3569 581 3630 ’6,
600 3578 690 3621 utrum
709 3585 769 3620 curn
790 3569 849 3632 tria,
869 3585 903 3622 an
921 3585 981 3620 cunr
1000 3568 1118 3621 irwertoe
1137 3569 1356 3637 coniungendam

178 3636 228 3694 sit,
251 3635 278 3686 in
302 3635 365 3689 min.
394 3639 485 3689 tamen
508 3654 522 3689 e
543 3637 573 3688 it.
598 3640 670 3689 reete
693 3653 754 3690 curn
782 3637 833 3688 tri-r
855 3636 999 3702 coniungit.
1024 3664 1054 3672 -
1084 3636 1237 3690 incertae
1262 3638 1357 3690 soles

178 3702 264 3770 Heyn.
284 3702 490 3822 interpretatur:
513 3705 667 3766 „obscurae
687 3721 734 3771 per
752 3720 818 3772 quos
831 3704 863 3756 fit
876 3703 1014 3770 navigatio
1031 3702 1144 3764 incerta,
1184 3707 1278 3772 ropter
1294 3704 1358 3757 rali-

199 3770 298 3827 'nem,“
326 3771 384 3824 col.
403 3773 467 3825 Aen.
487 3772 537 3828 VI,
562 3775 620 3824 2111.
639 3772 744 3825 ineerta
765 3771 849 3832 lrtoa,
872 3774 912 3834 et,
937 3787 1003 3839 quos
1027 3774 1091 3823 ante
1113 3787 1144 3823 oc
1175 3789 1206 3824 os
1230 3771 1358 3826 habuerit

178 3788 326 3905 Vergilius,
344 3839 422 3892 Hom.
442 3839 493 3893 06.
512 3840 544 3902 V,
564 3842 613 3892 366
631 3857 690 3908 sqq.
709 3840 759 3898 IX,
780 3843 811 3891 ’14
832 3856 891 3909 sqq.
911 3842 940 3891 et
958 3838 1080 3905 Apollon.
1098 3837 1146 3899 IV,
1168 3842 1232 3893 1691
1251 3858 1311 3909 sqq.
1331 3838 1357 3891 iu

180 3922 233 3975 qua
260 3906 433 3974 explicatione
464 3909 572 3960 tantum
598 3908 679 3961 verba
712 3924 777 3974 „ptr
801 3924 868 3975 quos
894 3906 926 3959 fit
957 3906 1093 3971 navigatio
1123 3906 1247 3960 incerta·⁴
1277 3907 1357 3960 selim

179 3975 286 4035 omissa,
307 3975 404 4042 quibus
424 3975 561 4044 epitheton
581 3976 699 4027 irtam-toa
716 3975 749 4027 ad
767 3975 968 4042 navigationem
987 3973 1129 4026 transferri
1148 3975 1289 4035 ridentum
1313 3975 1358 4027 de·

179 4043 306 4094 scribitur
326 4043 416 4111 potius
436 4043 506 4096 atris
528 4043 660 4110 conditio,
682 4059 735 4111 qua
753 4042 784 4094 fit
802 4042 950 4108 incertum,
976 4045 1067 4095 utrum
1092 4041 1150 4094 dies
1168 4043 1219 4107 sit,
1242 4059 1279 4095 an
1298 4059 1357 4095 nor.

180 4111 276 4177 Wagn.
295 4111 410 4163 ceriferri
427 4111 502 4163 iubet
520 4111 578 4163 Vol.
598 4111 638 4164 Fl.
662 4111 702 4175 ΙΙ,
722 4114 762 4163 57,
786 4119 873 4163 cer-tua
892 4110 988 4175 Titan,
1012 4113 1043 4162 ut
1062 4126 1106 4177 ap.
1125 4110 1203 4164 Arat.
1222 4110 1298 4163 Dios.
1318 4114 1357 4164 63.

178 4177 315 4244 καθαρός.
336 4182 364 4231 et
382 4179 523 4232 Weichert.
565 4179 650 4246 Epist.
670 4179 721 4232 crit
740 4195 765 4245 p.
786 4182 826 4230 31.
855 4177 1154 4238 numennumen,
1174 4181 1234 4232 808.
1254 4179 1358 4231 tueerto

180 4247 246 4298 eolo.
282 4246 320 4298 De
338 4248 444 4315 passivo
462 4263 517 4300 voe
536 4247 653 4298 incerare
676 4263 726 4298 nsu
745 4245 778 4298 cf.
797 4246 871 4298 Cort.
895 4249 923 4299 et
940 4246 1024 4297 Kritz.
1044 4244 1079 4297 ad
1097 4244 1163 4299 Sall.
1184 4246 1243 4311 lug.
1266 4251 1315 4305 16,
1334 4252 1357 4298 5.

181 4316 209 4367 et
227 4313 329 4366 Waleh.
351 4314 461 4367 Emend.
481 4314 538 4366 Liv.
558 4331 584 4382 p.
607 4317 664 4366 261.
703 4312 778 4366 Solis
801 4316 891 4366 autem
916 4316 943 4365 et
965 4313 1025 4365 diet
1044 4313 1169 4366 notiones
1187 4331 1204 4367 a
1222 4315 1359 4366 veteribus

182 4381 335 4448 saepissime
354 4383 493 4443 confundi,
513 4381 547 4434 ad
567 4382 622 4435 Ecl.
644 4382 695 4442 ΙΙΙ,
714 4384 747 4434 52
772 4380 898 4433 vidimus.
918 4413 950 4419 —
969 4398 1075 4433 caeca
1091 4381 1246 4445 calipiue
1265 4382 1300 4435 ab
1321 4383 1359 4433 in-

184 4458 271 4499 cer-oa
284 4449 407 4514 pendere,
428 4467 479 4502 non
494 4466 555 4502 cum
568 4449 706 4501 Errauuu
723 4448 937 4514 coniungentium
952 4464 1009 4501 esse
1020 4451 1105 4515 patet.
1124 4449 1250 4502 ueterum
1267 4449 1360 4502 eodem

184 4514 339 4582 pleonasmo
360 4517 499 4570 Lueretius
518 4517 558 4572 Π.
583 4523 623 4569 55.
649 4517 738 4570 euecta
757 4516 927 4569 intenebris.
961 4516 1021 4569 Vid.
1039 4516 1074 4569 ad
1094 4519 1159 4569 Aen.
1177 4516 1220 4580 II,
1245 4521 1286 4570 19.
1322 4517 1361 4570 De

182 4588 345 4652 κιικυψωνίᾳ
365 4587 464 4647 autem,
482 4600 562 4655 quam
583 4586 691 4655 quidam
714 4584 819 4638 odorati
837 4587 901 4638 sunt
919 4584 946 4637 in
959 4583 1001 4637 his
1014 4585 1103 4639 verbis
1116 4585 1225 4647 iunctis,
1244 4584 1362 4638 dlximus
