2858 4964
486 247 715 314 AENEIDOS
737 248 821 314 LIB.
843 252 884 315 V.

80 410 276 498 Insequitur.
320 411 448 479 Causas
469 416 551 477 tanti
573 415 655 479 sciat
675 412 733 479 illa
754 413 882 479 furoris.

80 492 96 556 1
122 515 156 557 se
179 492 259 558 mihi
277 517 382 581 nuper
402 495 540 582 Libycis
562 508 597 560 tu
619 497 711 562 testis
731 498 765 561 in
786 497 882 562 undis

80 515 190 722 §quam
211 577 329 643 molem
350 576 456 644 subito
480 581 632 644 excierit:
652 581 757 645 maria
782 582 893 646 omnia
914 582 1004 648 caelo
1203 595 1254 645 τοο

118 660 213 725 ‘seuit
235 659 358 725 Aeoliis
379 662 575 747 nequiquam
594 662 679 728 freta
700 661 862 748 procellis,

80 741 119 807 In
140 743 251 827 regnis
272 742 334 807 hoo
355 764 437 807 ausa
458 745 532 809 tuis.

79 824 144 889 Per
165 823 271 891 scelus
293 846 368 890 ecce
390 827 488 891 etiam
511 826 665 891 Troianis
687 826 847 892 matribus
870 829 953 894 actis

79 905 216 972 Exussit
236 906 330 973 foede
353 911 475 995 puppis
495 917 528 974 et
549 908 654 974 classe
675 908 805 995 subegit

80 989 213 1055 Amissa
235 992 341 1056 socios
364 993 496 1076 ignotae
516 991 663 1076 linquere
683 1001 800 1058 terrae.

81 1071 178 1151 Quod
200 1082 360 1160 superest,
380 1096 449 1157 oro,
470 1074 569 1140 hceat
590 1075 671 1140 dare
691 1083 764 1140 tuta
787 1097 847 1162 per
868 1076 974 1142 undas

79 1155 162 1221 Vela
183 1155 254 1240 tibi,
278 1156 375 1223 liceat
395 1157 592 1223 Laurentem
616 1159 777 1244 attingere
800 1158 973 1246 Thybrim,

79 1493 151 1531 mere
170 1476 264 1532 haeret
282 1478 309 1530 in
328 1478 371 1531 tot
387 1476 625 1532 substantivorum
642 1479 849 1543 coacervatione,
868 1481 928 1533 tum
945 1496 976 1534 er
993 1481 1125 1550 corruptis
1143 1479 1253 1549 quibus·

77 1543 141 1599 dam
168 1543 328 1599 lectionibus
360 1547 389 1598 et
406 1544 481 1598 Part.
512 1561 561 1600 aaa
589 1546 617 1598 in
640 1546 764 1615 pluribus
781 1545 859 1600 libris
876 1548 1072 1616 emicantquas
1089 1547 1252 1601 mutationes

78 1628 170 1665 omnes
197 1612 232 1666 ab
255 1610 427 1666 insolentiore
448 1610 496 1666 illa
517 1613 605 1666 forma
629 1621 706 1667 ιναοο
726 1614 885 1693 repetendas
903 1631 970 1681 esse,
1003 1632 1149 1670 remonon
1168 1614 1252 1677 videt)

78 1679 226 1746 concludit,
256 1694 273 1733 a
291 1678 410 1759 Vergilio
425 1695 477 1732 non
497 1687 582 1743 aona,
617 1679 665 1734 sed
682 1688 800 1733 ονοοιοοο
818 1682 948 1762 scripturn
967 1698 1025 1737 esse
1043 1683 1126 1804 (prod
1143 1698 1208 1736 sanc
1226 1682 1253 1734 in

77 1746 183 1816 aliquot
200 1746 285 1801 Codd.
304 1746 359 1815 legi
376 1763 459 1816 snpra
479 1747 615 1813 vidimus),
648 1749 738 1803 totum
755 1748 844 1802 locum
862 1765 900 1803 arc
918 1748 1048 1804 emendan

76 1814 213 1882 spicatur:
241 1843 253 1855 ·
272 1845 284 1855 ·
305 1815 402 1868 Urbem
424 1816 498 1868 odiis
518 1816 587 1869 catat
609 1824 660 1869 eat:
679 1832 800 1885 pecuum
823 1818 969 1872 traciana
981 1835 1035 1888 per
1053 1834 1156 1870 omnam
1173 1818 1252 1870 Reli·

76 1882 158 1951 qra'os
176 1885 292 1935 ardea·
309 1882 414 1935 cineres
430 1883 496 1945 etc.;
525 1899 606 1952 quam
626 1883 765 1938 audaciam
783 1899 870 1947 nemo,
887 1887 963 1952 puto,
982 1885 1115 1954 probabit.
1134 1915 1166 1924 —
1186 1885 1250 1945 788.

76 1967 229 2014 „causac
264 1949 575 2020 Vid.supra1‚8sqq.
603 1951 636 2014 x,
655 1953 687 2003 62
705 1966 764 2020 sqq.
782 1953 815 2005 89
833 1969 874 2022 sq.
896 1952 958 2016 XII,
978 1955 1024 2006 791
1046 1958 1123 2072 sqq.“
1161 1953 1249 2020 Heyn.

75 2048 108 2056 —
125 2018 234 2071 sciat:
251 2034 266 2071 o
285 2018 385 2079 esest,
415 2020 448 2069 nt
465 2015 566 2074 babeat
579 2017 714 2072 ‘eiusmodi
732 2034 835 2087 cauam,
857 2035 934 2100 quae,
951 2020 1003 2089 ipsi
1022 2036 1065 2073 mo
1086 2035 1101 2073 o
1118 2020 1250 2101 cognitae,

76 2101 119 2139 me
137 2085 234 2164 latent.
274 2083 357 2165 allide
374 2087 466 2138 autem
478 2084 570 2139 Venus
588 2084 638 2139 has
655 2101 759 2152 causas,
779 2102 847 2156 qnae
864 2103 952 2209 psam
971 2087 1082 2142 miuime
1098 2087 1249 2207 inplebant,

76 2153 222 2221 supprimit
238 2155 267 2207 et
285 2150 448 2205 dissimulat.
468 2181 500 2190 —
519 2151 575 2212 789
593 2170 650 2223 sqq.
681 2154 741 2208 Vid.
769 2170 852 2223 supra
883 2196 890 2219 ,
914 2159 947 2208 50
965 2172 1031 2225 sqq,
1061 2155 1108 2210 ubi
1144 2170 1191 2209 aec
1208 2170 1251 2208 res

76 2223 212 2274 narratur.
239 2220 323 2274 Totus
342 2233 434 2271 versus
453 2221 509 2273 789.
529 2220 647 2274 iteratur
663 2221 691 2273 iu
709 2221 792 2275 Anth.
812 2223 873 2276 hat.
891 2222 914 2284 Ι,
936 2225 992 2285 178,
1011 2225 1069 2277 215.
1104 2221 1251 2277 Omisimus

75 2288 167 2341 antnn
185 2303 246 2341 cum
263 2287 296 2341 W
351 2301 404 2349 ero,
431 2285 550 2354 Hauptio
567 2288 595 2341 et
613 2286 696 2340 Conin
747 2304 780 2341 ne
797 2288 908 2343 Comma
925 2290 1006 2358 vulgo
1025 2294 1089 2359 post
1105 2291 1188 2343 andis
1205 2306 1252 2358 po·

76 2355 167 2418 sitnm,
186 2370 248 2409 cnm
265 2370 308 2408 me
330 2371 362 2407 us
382 2352 579 2433 coniungantur
597 2355 679 2407 verba
730 2356 736 2368 '
769 2356 810 2408 oia
826 2357 855 2407 ia
874 2357 957 2410 andis
974 2386 986 2398 ·
1003 2387 1015 2398 -
1032 2357 1151 2418 οοοίοήο,
1170 2373 1252 2425 quam

1067 1765 1113 1804 um
1132 1766 1190 1804 6888
1209 1767 1253 1803 su·

76 2429 106 2476 ta
122 2422 284 2476 militastis
301 2422 331 2474 a'a
348 2419 387 2474 Li
420 2422 461 2474 cia
478 2424 568 2476 uada.
586 2451 619 2460 -
638 2420 701 2482 790.
731 2422 861 2484 molam,
891 2421 990 2477 fluctus
1009 2425 1132 2504 ingentes
1149 2440 1166 2479 a
1183 2426 1252 2477 tern-

75 2492 182 2610 rur
200 2489 339 2611 ,pq
357 2486 469 2609 aa.
484 2488 723 2610 lncani
737 2491 1161 2612 terroremue
1188 2491 1267 2618 lli·

76 2574 262 2611 11.r..
1025 2576 1250 2612 s.-..

75 2624 197 2678 continet
213 2573 410 2685 cansampcur
427 2623 641 2692 nequiquam,
672 2623 786 2690 trustra,
817 2625 892 2679 Aeoli
916 2624 1015 2679 anxilio
1032 2574 1104 2679 fieta
1123 2625 1160 2678 sit
1176 2625 1251 2680 Iuno.

78 2692 120 2746 Gi.
139 2691 205 2744 ibid.
227 2707 254 2744 v.
276 2693 355 2745 132s
394 2732 400 2744 .
435 2691 554 2745 Iteratur
577 2693 670 2744 autem
687 2690 731 2745 bic
748 2706 841 2746 versus
859 2691 1031 2762 imperfectus
1048 2693 1076 2746 in
1093 2692 1176 2748 Anth.
1194 2692 1213 2745 l.
1232 2692 1251 2747 l.

77 2776 101 2815 v.
124 2764 235 2814 254.·-
254 2706 409 2820 'HIS-lbb.
441 2758 531 2838 „Par
548 2759 827 2839 crolup-actis
869 2761 897 2813 in
915 2760 1003 2814 scelus
1021 2762 1099 2828 actis,
1126 2777 1177 2841 pro
1195 2758 1254 2813 vul-

75 2827 149 2893 gari:
177 2827 211 2880 ad
230 2826 316 2881 scelus
333 2825 468 2880 adactis.“
503 2826 547 2880 Sic
563 2826 652 2906 Hapa.
678 2842 706 2879 m
724 2842 789 2879 mm.
810 2799 888 2891 elit.;
914 2844 978 2881 nam
994 2828 1022 2880 iu
1039 2828 1135 2882 maiori
1153 2829 1254 2881 temere

77 2894 261 2959 dubitaverat,
279 2897 372 2948 utrum
391 2893 577 2962 coniungenda
595 2895 651 2947 arnt
669 2893 751 2948 verba
764 2904 818 2964 per
834 2894 923 2948 soctan
940 2895 1049 2955 amat,
1069 2911 1105 2949 an
1121 2895 1254 2948 maaian

250 2960 850 3094 af...
863 2962 1254 3083 ...r

76 3045 124 3082 var
175 3046 264 3083 anum
332 3046 341 3082 1
628 3069 634 3082 .
670 3048 686 3083 o
745 3069 751 3081 .
866 3047 880 3082 ο
1160 3047 1173 3082 s
1242 3057 1254 3068 ·

77 3098 192 3150 cumscri
211 3097 251 3151 tio
270 3095 406 3159 Aduerbii,
440 3097 483 3150 oui
508 3095 573 3150 alibi
592 3096 688 3166 Praep.
708 3114 763 3167 per
783 3097 913 3151 inservire
940 3045 1018 3150 solli.
1053 3095 1115 3153 Vid.
1133 3096 1169 3150 ad
1186 3097 1252 3150 Aen.

74 3165 121 3227 IX,
141 3168 180 3219 31.
223 3164 287 3217 nhlr.
306 3166 446 3232 comparat
464 3162 559 3218 Graec.
572 3164 747 3231 Tragioorum
765 3165 800 3217 δι’
820 3163 925 3234 ὕβρεως
942 3168 1089 3233 μολοῦσαι,
1106 3160 1252 3232 ἀγόμεναι,

76 3232 117 3284 Ηο
157 3273 162 3286 .
181 3248 244 3286 roro
263 3232 330 3284 Hor.
350 3229 400 3284 Od.
418 3231 441 3292 1,
461 3234 485 3293 3,
505 3234 544 3285 26,
574 3231 649 3284 Gaas
666 3233 786 3286 bumana
801 3233 861 3285 ruit
873 3250 927 3303 per
944 3233 1054 3286 vebum
1070 3239 1097 3286 ct
1111 3233 1201 3297 nefas.
1221 3261 1253 3269 -

76 3298 140 3358 79.
176 3298 327 3365 salapit,
357 3297 444 3351 filium
473 3314 571 3352 meum.
590 3330 623 3338 -
643 3301 680 3361 „i
704 3306 805 3354 actae
827 3300 915 3369 simpl.
940 3299 967 3352 in
990 3299 1078 3353 aliena
1103 3303 1186 3361 terra,
1212 3316 1253 3353 re-

74 3368 167 3434 spectu
179 3365 287 3426 Italiae,
301 3381 352 3434 quo
366 3366 543 3419 tendebant.“
563 3366 652 3434 Harsa.
695 3367 774 3436 ptimi
785 3366 893 3436 quidem
902 3366 998 3433 Codd,
1009 3367 1090 3428 Med„
1104 3366 1175 3422 ilud.
1190 3382 1253 3420 anr.

94 3450 124 3491 r..
144 3432 295 3495 Neutell,
315 3432 371 3493 alii,
390 3433 522 3501 praebent
539 3433 634 3500 ipaota
645 3440 737 3500 ter-ra·
755 3432 843 3488 altera
860 3439 950 3488 tamen
971 3434 1060 3497 lectio,
1079 3451 1159 3504 qnam
1177 3451 1255 3503 prae-

73 3449 140 3553 lent
158 3499 254 3567 fragm.
273 3501 345 3563 Vat,
365 3500 435 3555 (lud.
454 3516 472 3553 a
489 3516 523 3553 m.
543 3516 594 3554 sec.
614 3500 694 3555 Barn.
712 3501 748 3555 Π.
765 3501 815 3556 III.
843 3503 871 3556 et
889 3503 1005 3565 Servius,
1038 3502 1146 3557 ridetur
1163 3503 1254 3583 exqui-

74 3565 150 3621 sitior
169 3570 197 3621 et
215 3566 348 3637 quomodo
367 3568 494 3636 corrupta
512 3567 557 3629 sit,
583 3584 618 3636 ap
637 3570 697 3622 aret
713 3585 744 3623 ex
762 3569 838 3625 Rom.
856 3573 885 3624 et
902 3570 971 3633 Pal..
989 3571 1017 3624 in
1035 3570 1134 3640 quibus
1152 3571 1255 3639 legitur

73 3635 183 3702 ι’φιοεαο
200 3643 275 3688 terra
292 3638 320 3688 et
338 3635 433 3704 ignota
450 3643 548 3689 mae.
567 3667 600 3676 -
618 3584 686 3697 ibt.
714 3638 811 3696 Quod
827 3646 984 3707 caperest
1000 3641 1048 3692 aut
1065 3655 1126 3693 curn
1144 3657 1194 3692 oro
1213 3641 1254 3693 est

73 3701 298 3771 coniungendam,
320 3704 352 3754 ut
363 3718 458 3756 sensns
474 3702 512 3755 sit
523 3702 582 3757 hic:
601 3702 652 3757 hoc
665 3720 747 3758 unum
762 3705 829 3759 mihi
841 3708 972 3774 superest,
991 3709 1023 3760 ut
1036 3710 1063 3760 te
1075 3723 1156 3770 orem,
1175 3709 1207 3759 ut
1219 3706 1253 3760 ad

75 3771 153 3822 tuum
179 3769 308 3824 auxilium
338 3769 495 3838 confugiam
519 3774 528 3835 (
549 3770 665 3825 uomodo
684 3772 767 3826 etiam
785 3773 877 3842 Henry
896 3773 952 3827 Tw.
971 3790 1050 3843 years
1067 3774 1099 3827 V.
1118 3790 1145 3842 p.
1164 3777 1204 3828 60.
1225 3776 1254 3826 et

73 3835 171 3890 Philol.
184 3837 260 3916 XIII
299 3836 490 3917 .6‹13.locum
507 3787 639 3906 inlelligit
657 3854 814 3908 comparans
833 3858 865 3894 sn
885 3858 915 3895 ra
932 3857 957 3894 v.
977 3845 1035 3895 ool.
1053 3840 1120 3894 Aen.
1132 3841 1180 3907 IX,
1196 3843 1251 3893 156.

72 3906 141 3959 Stat
162 3903 259 3958 Acbdl.
279 3853 301 3966 l,
319 3908 361 3983 IS.
378 3907 408 3958 et
426 3904 524 3959 Srhum
540 3905 602 3971 XII,
622 3909 709 3986 ²5⁸:l3
729 3911 790 3986 rant,
811 3858 883 3987 quel
900 3908 1008 3987 videtur
1026 3910 1173 3977 praestare,
1193 3923 1254 3985 curn

72 3972 169 4041 Wagn.
201 3971 235 4026 de
266 3971 404 4040 reliqua
426 3972 521 4035 classe,
552 3973 586 4027 de
610 3974 755 4044 reliquis
779 3990 856 4028 socna
882 3975 1052 4053 capiendum,
1082 3990 1149 4043 qnae
1172 3975 1254 4027 elram

72 4039 94 4093 B
128 4041 176 4104 cei,
206 4039 323 4105 Laden,
351 4038 530 4106 Coningtonis
555 4042 583 4094 et
600 4041 721 4094 Benoisti
743 4043 786 4094 est
805 4044 950 4096 renuntia.
985 4041 1056 4106 (Vid.
1076 4057 1158 4109 supra
1175 4039 1210 4094 ad
1227 4056 1251 4092 v.

71 4111 129 4162 69.
158 4107 278 4170 adnott.)
313 4106 357 4161 Sic
386 4105 456 4160 euim
475 4109 503 4160 ct
520 4107 677 4162 Subiectum
698 4108 829 4162 habemus
856 4109 997 4163 verborum
1016 4107 1194 4176 sequentinm,
1226 4110 1253 4160 et

70 4175 191 4245 Neptuni
218 4190 377 4243 responsum
404 4190 430 4226 v.
451 4176 500 4227 813
518 4191 577 4243 sqq.
597 4175 639 4228 his
657 4175 781 4243 precibus
799 4176 899 4244 optime
926 4176 1058 4237 convenia
1088 4174 1158 4242 quod
1186 4176 1254 4228 bene

106 4243 207 4312 rspexit
226 4243 322 4311 Wagn.
342 4271 375 4280 —
394 4242 480 4310 Heyn.
513 4244 577 4310 post
606 4245 683 4310 qaod
704 4250 829 4311 mparcst
852 4242 922 4296 male
940 4242 1005 4297 Colo
1023 4241 1156 4296 distinxit.
1192 4241 1254 4296 Pal-

71 4259 167 4364 limus
187 4311 212 4364 in
233 4310 357 4365 Caesaris
377 4310 513 4364 Zeitsohr.
535 4308 782 4379 ΝΛΜ-ΨΜ
802 4309 978 4375 x11.(1854.)
1005 4327 1031 4379 p.
1050 4313 1109 4364 242.
1135 4326 1184 4378 pro
1209 4310 1254 4362 li·

71 4386 144 4430 ccat
165 4378 272 4432 coniicit
294 4377 387 4439 libeat,
420 4393 481 4431 eum
504 4393 582 4431 nemo
600 4377 758 4447 Neptunum
785 4377 925 4447 prohibere
944 4377 1071 4446 potnerit,
1103 4378 1152 4431 aut
1170 4379 1194 4430 si
1212 4376 1253 4430 ris

71 4444 155 4497 maior
173 4445 265 4515 aliqua
281 4445 309 4499 id
328 4445 459 4515 potuerit,
486 4445 553 4500 baec
569 4445 668 4513 potius,
696 4460 778 4513 quam
795 4444 938 4515 Neptunus
956 4444 1143 4525 compellanda
1160 4445 1244 4499 fuerit

71 4510 123 4564 Sed
142 4526 194 4564 non
214 4513 394 4567 consideravit
416 4513 457 4566 vir
479 4511 560 4575 doct,
584 4513 650 4566 mire
674 4512 777 4566 dictum
795 4528 853 4566 esso
870 4513 954 4565 libau
977 4513 1038 4572 tibi,
1063 4512 1145 4566 liceat
1164 4512 1232 4586 nobi·

68 4577 151 4658 immo
160 4578 330 4646 aptissImam
338 4597 396 4635 esse
408 4580 572 4649 anaphoram
584 4585 612 4634 et
623 4580 713 4634 Iocum
726 4580 765 4632 sIc
779 4578 979 4659 erphcapdum:
994 4579 1076 4634 liccat
1085 4581 1187 4710 qnobis)
1202 4580 1225 4633 ti

69 4653 97 4714 (ι.
109 4661 131 4700 e.
142 4646 224 4700 mari:
235 4646 269 4701 oi.
280 4647 385 4703 adnott.
395 4648 431 4702 ad
440 4647 496 4703 hcl.
507 4649 554 4713 IV,
565 4652 617 4717 32.)
628 4650 690 4703 tnta
699 4647 757 4703 vela
768 4648 840 4703 dare.
854 4646 926 4717 (vu.
937 4647 1028 4717 mira.)
1041 4680 1073 4689 -Λ
1103 4646 1149 4707 97.
1165 4688 1181 4716 ,‚
1189 4648 1232 4701 til
