<?xml version="1.0" encoding="UTF-8"?>
<!DOCTYPE html PUBLIC "-//W3C//DTD XHTML 1.0 Transitional//EN"
    "http://www.w3.org/TR/xhtml1/DTD/xhtml1-transitional.dtd">
<html xmlns="http://www.w3.org/1999/xhtml" xml:lang="en" lang="en">
 <head>
  <title>
</title>
<meta http-equiv="Content-Type" content="text/html;charset=utf-8" />
  <meta name='ocr-system' content='tesseract 3.04.00' />
  <meta name='ocr-capabilities' content='ocr_page ocr_carea ocr_par ocr_line ocrx_word'/>
</head>
<body>
  <div class='ocr_page' id='page_1' title='image "./opera06virggoog/opera06virggoog_0780.png"; bbox 0 0 2782 4958; ppageno 0'>
   <div class='ocr_carea' id='block_1_1' title="bbox 167 146 995 225">
    <p class='ocr_par' dir='ltr' id='par_1_1' title="bbox 167 146 995 225">
     <span class='ocr_line' id='line_1_1' title="bbox 167 146 995 225; baseline -0.01 -3"><span class='ocrx_word' id='word_1_1' title='bbox 167 161 227 225; x_wconf 82' lang='lat'><strong>768</strong></span> <span class='ocrx_word' id='word_1_2' title='bbox 523 154 560 219; x_wconf 91' lang='grc' dir='ltr'><strong>Ρ.</strong></span> <span class='ocrx_word' id='word_1_3' title='bbox 583 150 771 218; x_wconf 82' lang='lat' dir='ltr'><strong>VERGILI</strong></span> <span class='ocrx_word' id='word_1_4' title='bbox 792 146 995 216; x_wconf 87' lang='lat' dir='ltr'><strong>MARONIS</strong></span> 
     </span>
    </p>
   </div>
   <div class='ocr_carea' id='block_1_2' title="bbox 168 313 1063 404">
    <p class='ocr_par' dir='ltr' id='par_1_2' title="bbox 168 313 1063 404">
     <span class='ocr_line' id='line_1_2' title="bbox 168 313 1063 404; baseline -0.006 -20"><span class='ocrx_word' id='word_1_5' title='bbox 168 318 274 384; x_wconf 87' lang='lat' dir='ltr'><strong>Axem</strong></span> <span class='ocrx_word' id='word_1_6' title='bbox 295 317 428 383; x_wconf 89' lang='lat' dir='ltr'><strong>humero</strong></span> <span class='ocrx_word' id='word_1_7' title='bbox 448 325 578 404; x_wconf 85' lang='lat' dir='ltr'>torquet</span> <span class='ocrx_word' id='word_1_8' title='bbox 600 315 701 382; x_wconf 88' lang='lat' dir='ltr'><strong>stellis</strong></span> <span class='ocrx_word' id='word_1_9' title='bbox 723 313 913 380; x_wconf 81' lang='lat' dir='ltr'><strong>ardentibus</strong></span> <span class='ocrx_word' id='word_1_10' title='bbox 936 323 1063 400; x_wconf 89' lang='lat' dir='ltr'><strong>aptum.</strong></span> 
     </span>
    </p>
   </div>
   <div class='ocr_carea' id='block_1_3' title="bbox 70 397 1049 484">
    <p class='ocr_par' dir='ltr' id='par_1_3' title="bbox 70 397 1049 484">
     <span class='ocr_line' id='line_1_3' title="bbox 70 397 1049 484; baseline -0.003 -19"><span class='ocrx_word' id='word_1_11' title='bbox 70 443 72 447; x_wconf 80' lang='lat'>.</span> <span class='ocrx_word' id='word_1_12' title='bbox 167 402 272 467; x_wconf 90' lang='lat' dir='ltr'><strong>Huius</strong></span> <span class='ocrx_word' id='word_1_13' title='bbox 294 402 328 464; x_wconf 93' lang='lat' dir='ltr'><strong>in</strong></span> <span class='ocrx_word' id='word_1_14' title='bbox 350 399 525 465; x_wconf 88' lang='lat' dir='ltr'><strong>adventum</strong></span> <span class='ocrx_word' id='word_1_15' title='bbox 547 402 613 465; x_wconf 93' lang='lat' dir='ltr'><strong>iam</strong></span> <span class='ocrx_word' id='word_1_16' title='bbox 634 420 720 463; x_wconf 92' lang='lat' dir='ltr'><strong>nunc</strong></span> <span class='ocrx_word' id='word_1_17' title='bbox 744 408 776 462; x_wconf 92' lang='lat' dir='ltr'><strong>et</strong></span> <span class='ocrx_word' id='word_1_18' title='bbox 798 397 921 484; x_wconf 80' lang='lat' dir='ltr'><strong>Caspia</strong></span> <span class='ocrx_word' id='word_1_19' title='bbox 941 420 1049 483; x_wconf 85' lang='lat' dir='ltr'><strong>regna</strong></span> 
     </span>
    </p>
   </div>
   <div class='ocr_carea' id='block_1_4' title="bbox 167 480 1054 892">
    <p class='ocr_par' dir='ltr' id='par_1_4' title="bbox 168 480 959 570">
     <span class='ocr_line' id='line_1_4' title="bbox 168 480 959 570; baseline -0.005 -22"><span class='ocrx_word' id='word_1_20' title='bbox 168 483 345 570; x_wconf 88' lang='lat' dir='ltr'><strong>Responsis</strong></span> <span class='ocrx_word' id='word_1_21' title='bbox 368 482 501 547; x_wconf 84' lang='lat' dir='ltr'>horrent</span> <span class='ocrx_word' id='word_1_22' title='bbox 520 483 628 548; x_wconf 85' lang='lat' dir='ltr'><strong>divom</strong></span> <span class='ocrx_word' id='word_1_23' title='bbox 650 491 682 546; x_wconf 92' lang='lat' dir='ltr'><strong>et</strong></span> <span class='ocrx_word' id='word_1_24' title='bbox 700 480 844 547; x_wconf 88' lang='lat' dir='ltr'><strong>Maeotia</strong></span> <span class='ocrx_word' id='word_1_25' title='bbox 864 480 959 545; x_wconf 89' lang='lat' dir='ltr'><strong>tellus</strong></span> 
     </span>
    </p>

    <p class='ocr_par' dir='ltr' id='par_1_5' title="bbox 167 563 1054 892">
     <span class='ocr_line' id='line_1_5' title="bbox 167 563 985 712; baseline -0.004 -82"><span class='ocrx_word' id='word_1_26' title='bbox 167 566 212 630; x_wconf 85' lang='lat' dir='ltr'><strong>Et</strong></span> <span class='ocrx_word' id='word_1_27' title='bbox 235 566 481 712; x_wconf 53' lang='lat' dir='ltr'><strong>septemfiemini</strong></span> <span class='ocrx_word' id='word_1_28' title='bbox 501 565 635 630; x_wconf 89' lang='lat' dir='ltr'><strong>turbant</strong></span> <span class='ocrx_word' id='word_1_29' title='bbox 653 573 704 628; x_wconf 88' lang='lat' dir='ltr'><strong>tre</strong></span> <span class='ocrx_word' id='word_1_30' title='bbox 728 563 783 628; x_wconf 92' lang='lat' dir='ltr'><strong>ida</strong></span> <span class='ocrx_word' id='word_1_31' title='bbox 805 566 888 629; x_wconf 82' lang='lat' dir='ltr'><strong>ostia</strong></span> <span class='ocrx_word' id='word_1_32' title='bbox 909 563 985 627; x_wconf 89' lang='lat' dir='ltr'><strong>Nili.</strong></span> 
     </span>
     <span class='ocr_line' id='line_1_6' title="bbox 168 645 917 727; baseline -0.004 -16"><span class='ocrx_word' id='word_1_33' title='bbox 168 648 236 712; x_wconf 90' lang='lat' dir='ltr'><strong>Nec</strong></span> <span class='ocrx_word' id='word_1_34' title='bbox 257 670 335 714; x_wconf 88' lang='lat' dir='ltr'><strong>vero</strong></span> <span class='ocrx_word' id='word_1_35' title='bbox 389 646 490 712; x_wconf 89' lang='lat' dir='ltr'><strong>leides</strong></span> <span class='ocrx_word' id='word_1_36' title='bbox 513 657 638 713; x_wconf 88' lang='lat' dir='ltr'><strong>tautum</strong></span> <span class='ocrx_word' id='word_1_37' title='bbox 660 657 691 712; x_wconf 90' lang='lat' dir='ltr'><strong>te</strong></span> <span class='ocrx_word' id='word_1_38' title='bbox 716 647 784 710; x_wconf 93' lang='lat' dir='ltr'><strong>uris</strong></span> <span class='ocrx_word' id='word_1_39' title='bbox 806 645 917 727; x_wconf 86' lang='lat' dir='ltr'><strong>obivit,</strong></span> 
     </span>
     <span class='ocr_line' id='line_1_7' title="bbox 167 725 1054 817; baseline -0.005 -23"><span class='ocrx_word' id='word_1_40' title='bbox 167 731 298 794; x_wconf 87' lang='lat' dir='ltr'><strong>Fixerit</strong></span> <span class='ocrx_word' id='word_1_41' title='bbox 319 730 505 817; x_wconf 90' lang='lat' dir='ltr'><strong>aeripedem</strong></span> <span class='ocrx_word' id='word_1_42' title='bbox 527 753 658 796; x_wconf 86' lang='lat' dir='ltr'><strong>cervam</strong></span> <span class='ocrx_word' id='word_1_43' title='bbox 679 728 756 794; x_wconf 87' lang='lat' dir='ltr'><strong>licet</strong></span> <span class='ocrx_word' id='word_1_44' title='bbox 777 738 834 792; x_wconf 88' lang='lat' dir='ltr'><strong>aut</strong></span> <span class='ocrx_word' id='word_1_45' title='bbox 853 725 1054 814; x_wconf 81' lang='lat' dir='ltr'><strong>Erymanthi</strong></span> 
     </span>
     <span class='ocr_line' id='line_1_8' title="bbox 167 812 1031 892; baseline -0.005 -15"><span class='ocrx_word' id='word_1_46' title='bbox 167 812 301 878; x_wconf 86' lang='lat' dir='ltr'><strong>Pacarit</strong></span> <span class='ocrx_word' id='word_1_47' title='bbox 322 834 457 878; x_wconf 89' lang='lat' dir='ltr'><strong>nemora</strong></span> <span class='ocrx_word' id='word_1_48' title='bbox 477 822 508 878; x_wconf 88' lang='lat' dir='ltr'><strong>et</strong></span> <span class='ocrx_word' id='word_1_49' title='bbox 528 813 671 879; x_wconf 79' lang='lat' dir='ltr'>Lernam</span> <span class='ocrx_word' id='word_1_50' title='bbox 693 812 909 877; x_wconf 79' lang='lat' dir='ltr'><strong>tremefecerit</strong></span> <span class='ocrx_word' id='word_1_51' title='bbox 931 831 1031 892; x_wconf 82' lang='lat' dir='ltr'><strong>arcu3</strong></span> 
     </span>
    </p>
   </div>
   <div class='ocr_carea' id='block_1_5' title="bbox 166 1104 1337 4607">
    <p class='ocr_par' dir='ltr' id='par_1_6' title="bbox 166 1104 1337 4607">
     <span class='ocr_line' id='line_1_9' title="bbox 167 1104 1337 1179; baseline -0.008 -13"><span class='ocrx_word' id='word_1_52' title='bbox 167 1113 302 1166; x_wconf 78' lang='lat' dir='ltr'><strong>mocimus</strong></span> <span class='ocrx_word' id='word_1_53' title='bbox 317 1111 407 1175; x_wconf 76' lang='lat' dir='ltr'><strong>Atlas,</strong></span> <span class='ocrx_word' id='word_1_54' title='bbox 426 1113 458 1164; x_wconf 90' lang='lat' dir='ltr'><strong>ut</strong></span> <span class='ocrx_word' id='word_1_55' title='bbox 476 1126 557 1179; x_wconf 90' lang='lat' dir='ltr'><strong>snpra</strong></span> <span class='ocrx_word' id='word_1_56' title='bbox 574 1109 621 1175; x_wconf 88' lang='lat' dir='ltr'><strong>IV,</strong></span> <span class='ocrx_word' id='word_1_57' title='bbox 639 1112 699 1163; x_wconf 80' lang='lat' dir='ltr'><strong>isi.</strong></span> <span class='ocrx_word' id='word_1_58' title='bbox 722 1139 754 1150; x_wconf 93' lang='lat'>-</span> <span class='ocrx_word' id='word_1_59' title='bbox 772 1108 804 1163; x_wconf 89' lang='lat' dir='ltr'><strong>V.</strong></span> <span class='ocrx_word' id='word_1_60' title='bbox 825 1107 888 1169; x_wconf 76' lang='lat'>797.</span> <span class='ocrx_word' id='word_1_61' title='bbox 907 1107 960 1160; x_wconf 89' lang='lat' dir='ltr'><strong>iam</strong></span> <span class='ocrx_word' id='word_1_62' title='bbox 978 1122 1062 1174; x_wconf 91' lang='lat' dir='ltr'><strong>supra</strong></span> <span class='ocrx_word' id='word_1_63' title='bbox 1082 1105 1205 1176; x_wconf 83' lang='lat' dir='ltr'><strong>legimns</strong></span> <span class='ocrx_word' id='word_1_64' title='bbox 1222 1104 1270 1172; x_wconf 81' lang='lat' dir='ltr'><strong>IV,</strong></span> <span class='ocrx_word' id='word_1_65' title='bbox 1281 1106 1337 1163; x_wconf 72' lang='lat'><strong>482,</strong></span> 
     </span>
     <span class='ocr_line' id='line_1_10' title="bbox 167 1172 1336 1251; baseline -0.009 -17"><span class='ocrx_word' id='word_1_66' title='bbox 167 1180 214 1234; x_wconf 92' lang='lat' dir='ltr'><strong>ubi</strong></span> <span class='ocrx_word' id='word_1_67' title='bbox 232 1179 286 1233; x_wconf 87' lang='lat' dir='ltr'><strong>vid.</strong></span> <span class='ocrx_word' id='word_1_68' title='bbox 304 1178 409 1234; x_wconf 85' lang='lat' dir='ltr'><strong>adnott.</strong></span> <span class='ocrx_word' id='word_1_69' title='bbox 428 1178 503 1246; x_wconf 76' lang='lat' dir='ltr'><strong>Quod</strong></span> <span class='ocrx_word' id='word_1_70' title='bbox 521 1176 664 1230; x_wconf 81' lang='lat' dir='ltr'><strong>hicAecm</strong></span> <span class='ocrx_word' id='word_1_71' title='bbox 679 1176 790 1229; x_wconf 80' lang='lat' dir='ltr'><strong>humero</strong></span> <span class='ocrx_word' id='word_1_72' title='bbox 809 1183 853 1230; x_wconf 84' lang='lat' dir='ltr'><strong>tor</strong></span> <span class='ocrx_word' id='word_1_73' title='bbox 920 1192 942 1238; x_wconf 84' lang='lat' dir='ltr'><strong>e,</strong></span> <span class='ocrx_word' id='word_1_74' title='bbox 962 1172 1034 1227; x_wconf 88' lang='lat' dir='ltr'><strong>idem</strong></span> <span class='ocrx_word' id='word_1_75' title='bbox 1052 1174 1103 1240; x_wconf 86' lang='lat' dir='ltr'><strong>IV,</strong></span> <span class='ocrx_word' id='word_1_76' title='bbox 1124 1179 1186 1228; x_wconf 78' lang='lat'><strong>247.</strong></span> <span class='ocrx_word' id='word_1_77' title='bbox 1207 1172 1336 1251; x_wconf 77' lang='lat' dir='ltr'><strong>decedens</strong></span> 
     </span>
     <span class='ocr_line' id='line_1_11' title="bbox 168 1241 1335 1312; baseline -0.009 -11"><span class='ocrx_word' id='word_1_78' title='bbox 168 1246 280 1301; x_wconf 85' lang='lat' dir='ltr'><strong>Atlante</strong></span> <span class='ocrx_word' id='word_1_79' title='bbox 309 1248 413 1300; x_wconf 80' lang='lat' dir='ltr'><strong>eaelum</strong></span> <span class='ocrx_word' id='word_1_80' title='bbox 440 1247 540 1299; x_wconf 62' lang='lat' dir='ltr'><strong>vestm</strong></span> <span class='ocrx_word' id='word_1_81' title='bbox 557 1244 664 1312; x_wconf 76' lang='lat' dir='ltr'><strong>fulcire.</strong></span> <span class='ocrx_word' id='word_1_82' title='bbox 684 1273 715 1283; x_wconf 91' lang='lat'><strong>-·</strong></span> <span class='ocrx_word' id='word_1_83' title='bbox 735 1243 798 1305; x_wconf 78' lang='lat'>798.</span> <span class='ocrx_word' id='word_1_84' title='bbox 830 1281 847 1307; x_wconf 82' lang='lat'><strong>‚‚</strong></span> <span class='ocrx_word' id='word_1_85' title='bbox 868 1241 993 1311; x_wconf 88' lang='lat' dir='ltr'><strong>pleudide</strong></span> <span class='ocrx_word' id='word_1_86' title='bbox 1012 1241 1099 1295; x_wconf 86' lang='lat' dir='ltr'><strong>etiarn</strong></span> <span class='ocrx_word' id='word_1_87' title='bbox 1118 1242 1171 1295; x_wconf 91' lang='lat' dir='ltr'><strong>hoc</strong></span> <span class='ocrx_word' id='word_1_88' title='bbox 1190 1241 1335 1300; x_wconf 77' lang='lat' dir='ltr'><strong>enuntiarit</strong></span> 
     </span>
     <span class='ocr_line' id='line_1_12' title="bbox 169 1308 1335 1392; baseline -0.003 -24"><span class='ocrx_word' id='word_1_89' title='bbox 169 1314 240 1383; x_wconf 89' lang='lat' dir='ltr'><strong>quod</strong></span> <span class='ocrx_word' id='word_1_90' title='bbox 265 1313 358 1367; x_wconf 82' lang='lat' dir='ltr'><strong>futura</strong></span> <span class='ocrx_word' id='word_1_91' title='bbox 374 1313 491 1392; x_wconf 75' lang='lat' dir='ltr'><strong>Augusti</strong></span> <span class='ocrx_word' id='word_1_92' title='bbox 516 1311 676 1380; x_wconf 79' lang='lat' dir='ltr'><strong>magnitudo</strong></span> <span class='ocrx_word' id='word_1_93' title='bbox 704 1311 803 1390; x_wconf 78' lang='lat' dir='ltr'><strong>multis¹</strong></span> <span class='ocrx_word' id='word_1_94' title='bbox 823 1309 908 1389; x_wconf 81' lang='lat' dir='ltr'><strong>signis</strong></span> <span class='ocrx_word' id='word_1_95' title='bbox 926 1324 957 1389; x_wconf 76' lang='lat' dir='ltr'><strong>ae</strong></span> <span class='ocrx_word' id='word_1_96' title='bbox 974 1308 1129 1387; x_wconf 81' lang='lat' dir='ltr'><strong>praesagiis</strong></span> <span class='ocrx_word' id='word_1_97' title='bbox 1150 1309 1207 1362; x_wconf 84' lang='lat' dir='ltr'><strong>fuit</strong></span> <span class='ocrx_word' id='word_1_98' title='bbox 1225 1313 1335 1384; x_wconf 67' lang='lat' dir='ltr'><strong>ostenaet</strong></span> 
     </span>
     <span class='ocr_line' id='line_1_13' title="bbox 187 1375 1334 1455; baseline -0.009 -21"><span class='ocrx_word' id='word_1_99' title='bbox 187 1381 247 1435; x_wconf 84' lang='lat' dir='ltr'><strong>nasi</strong></span> <span class='ocrx_word' id='word_1_100' title='bbox 273 1381 301 1433; x_wconf 91' lang='lat' dir='ltr'><strong>in</strong></span> <span class='ocrx_word' id='word_1_101' title='bbox 325 1380 513 1433; x_wconf 75' lang='lat' dir='ltr'><strong>remotissimis</strong></span> <span class='ocrx_word' id='word_1_102' title='bbox 540 1394 644 1449; x_wconf 91' lang='lat' dir='ltr'><strong>quoque</strong></span> <span class='ocrx_word' id='word_1_103' title='bbox 675 1382 755 1432; x_wconf 87' lang='lat' dir='ltr'><strong>terris</strong></span> <span class='ocrx_word' id='word_1_104' title='bbox 781 1377 910 1431; x_wconf 88' lang='lat' dir='ltr'><strong>eiusmodi</strong></span> <span class='ocrx_word' id='word_1_105' title='bbox 929 1392 1007 1455; x_wconf 73' lang='lat' dir='ltr'><strong>signa</strong></span> <span class='ocrx_word' id='word_1_106' title='bbox 1026 1375 1223 1430; x_wconf 80' lang='lat' dir='ltr'><strong>animadversa</strong></span> <span class='ocrx_word' id='word_1_107' title='bbox 1239 1375 1334 1451; x_wconf 79' lang='lat' dir='ltr'><strong>incnut</strong></span> 
     </span>
     <span class='ocr_line' id='line_1_14' title="bbox 210 1441 1334 1515; baseline -0.005 -14"><span class='ocrx_word' id='word_1_108' title='bbox 210 1449 294 1501; x_wconf 92' lang='lat' dir='ltr'><strong>ndum</strong></span> <span class='ocrx_word' id='word_1_109' title='bbox 317 1448 355 1500; x_wconf 88' lang='lat' dir='ltr'><strong>rei</strong></span> <span class='ocrx_word' id='word_1_110' title='bbox 377 1447 479 1501; x_wconf 89' lang='lat' dir='ltr'><strong>videbis</strong></span> <span class='ocrx_word' id='word_1_111' title='bbox 496 1463 539 1515; x_wconf 91' lang='lat' dir='ltr'><strong>ap.</strong></span> <span class='ocrx_word' id='word_1_112' title='bbox 558 1445 633 1500; x_wconf 83' lang='lat' dir='ltr'><strong>Suet.</strong></span> <span class='ocrx_word' id='word_1_113' title='bbox 652 1445 747 1500; x_wconf 84' lang='lat' dir='ltr'><strong>Octar.</strong></span> <span class='ocrx_word' id='word_1_114' title='bbox 768 1449 808 1501; x_wconf 85' lang='grc'><strong>94.</strong></span> <span class='ocrx_word' id='word_1_115' title='bbox 828 1473 868 1485; x_wconf 93' lang='grc'><strong>--</strong></span> <span class='ocrx_word' id='word_1_116' title='bbox 898 1443 1006 1497; x_wconf 78' lang='lat' dir='ltr'><strong>Scilicet</strong></span> <span class='ocrx_word' id='word_1_117' title='bbox 1028 1444 1226 1510; x_wconf 87' lang='lat' dir='ltr'><strong>superstitione</strong></span> <span class='ocrx_word' id='word_1_118' title='bbox 1245 1441 1334 1495; x_wconf 76' lang='lat' dir='ltr'><strong>stultis</strong></span> 
     </span>
     <span class='ocr_line' id='line_1_15' title="bbox 170 1509 1334 1576; baseline -0.008 -8"><span class='ocrx_word' id='word_1_119' title='bbox 170 1516 239 1569; x_wconf 89' lang='lat' dir='ltr'><strong>sima</strong></span> <span class='ocrx_word' id='word_1_120' title='bbox 256 1515 400 1568; x_wconf 73' lang='lat' dir='ltr'><strong>laborabat</strong></span> <span class='ocrx_word' id='word_1_121' title='bbox 417 1516 459 1568; x_wconf 93' lang='lat' dir='ltr'><strong>Au</strong></span> <span class='ocrx_word' id='word_1_122' title='bbox 478 1520 565 1568; x_wconf 90' lang='lat' dir='ltr'><strong>ustus.</strong></span> <span class='ocrx_word' id='word_1_123' title='bbox 590 1512 650 1565; x_wconf 80' lang='lat' dir='ltr'><strong>vid.</strong></span> <span class='ocrx_word' id='word_1_124' title='bbox 668 1513 776 1566; x_wconf 88' lang='lat' dir='ltr'><strong>Sueten.</strong></span> <span class='ocrx_word' id='word_1_125' title='bbox 798 1531 819 1567; x_wconf 90' lang='lat' dir='ltr'><strong>e.</strong></span> <span class='ocrx_word' id='word_1_126' title='bbox 837 1515 878 1565; x_wconf 79' lang='grc'><strong>92.</strong></span> <span class='ocrx_word' id='word_1_127' title='bbox 897 1540 910 1551; x_wconf 87' lang='grc'>-</span> <span class='ocrx_word' id='word_1_128' title='bbox 927 1540 939 1551; x_wconf 93' lang='grc'><strong>-</strong></span> <span class='ocrx_word' id='word_1_129' title='bbox 957 1509 1134 1563; x_wconf 89' lang='lat' dir='ltr'><strong>Adulationis</strong></span> <span class='ocrx_word' id='word_1_130' title='bbox 1154 1513 1248 1565; x_wconf 85' lang='lat' dir='ltr'><strong>autern</strong></span> <span class='ocrx_word' id='word_1_131' title='bbox 1264 1523 1334 1576; x_wconf 82' lang='lat' dir='ltr'><strong>geum</strong></span> 
     </span>
     <span class='ocr_line' id='line_1_16' title="bbox 169 1531 1333 1655; baseline -0.005 -20"><span class='ocrx_word' id='word_1_132' title='bbox 169 1583 221 1636; x_wconf 90' lang='lat' dir='ltr'><strong>isto</strong></span> <span class='ocrx_word' id='word_1_133' title='bbox 240 1584 359 1649; x_wconf 84' lang='lat' dir='ltr'><strong>tempore</strong></span> <span class='ocrx_word' id='word_1_134' title='bbox 377 1598 430 1635; x_wconf 92' lang='lat' dir='ltr'><strong>non</strong></span> <span class='ocrx_word' id='word_1_135' title='bbox 449 1531 591 1634; x_wconf 76' lang='lat' dir='ltr'><strong>obscurum</strong></span> <span class='ocrx_word' id='word_1_136' title='bbox 612 1582 677 1643; x_wconf 88' lang='lat' dir='ltr'><strong>erat,</strong></span> <span class='ocrx_word' id='word_1_137' title='bbox 696 1579 835 1633; x_wconf 87' lang='lat' dir='ltr'><strong>venditare</strong></span> <span class='ocrx_word' id='word_1_138' title='bbox 852 1578 1060 1655; x_wconf 82' lang='lat' dir='ltr'><strong>imperatoribus</strong></span> <span class='ocrx_word' id='word_1_139' title='bbox 1079 1579 1214 1630; x_wconf 83' lang='lat' dir='ltr'><strong>vaticinia</strong></span> <span class='ocrx_word' id='word_1_140' title='bbox 1225 1593 1256 1630; x_wconf 83' lang='lat' dir='ltr'><strong>sc</strong></span> <span class='ocrx_word' id='word_1_141' title='bbox 1271 1590 1333 1654; x_wconf 77' lang='lat' dir='ltr'><strong>prac-</strong></span> 
     </span>
     <span class='ocr_line' id='line_1_17' title="bbox 170 1644 1334 1770; baseline -0.001 0"><span class='ocrx_word' id='word_1_142' title='bbox 170 1733 200 1770; x_wconf 67' lang='grc' dir='ltr'><strong>ο.</strong></span> <span class='ocrx_word' id='word_1_143' title='bbox 215 1648 380 1770; x_wconf 48' lang='lat' dir='ltr'><strong>{tortu</strong></span> <span class='ocrx_word' id='word_1_144' title='bbox 405 1648 471 1716; x_wconf 57' lang='lat'><strong>”³⁸³⁸</strong></span> <span class='ocrx_word' id='word_1_145' title='bbox 485 1664 550 1768; x_wconf 96' lang='lat'><em>3</em></span> <span class='ocrx_word' id='word_1_146' title='bbox 561 1646 861 1767; x_wconf 65' lang='lat' dir='ltr'><strong>⁰lt.t⁰¹&#39;tt¹¹ffl.²tt</strong></span> <span class='ocrx_word' id='word_1_147' title='bbox 870 1644 1237 1767; x_wconf 53' lang='lat' dir='ltr'><strong>ilidihffithsiliti</strong></span> <span class='ocrx_word' id='word_1_148' title='bbox 1254 1644 1334 1769; x_wconf 57' lang='grc' dir='ltr'><strong>Ἓξ</strong></span> 
     </span>
     <span class='ocr_line' id='line_1_18' title="bbox 169 1727 1333 1917; baseline -0.007 -14"><span class='ocrx_word' id='word_1_149' title='bbox 169 1757 302 1903; x_wconf 66' lang='lat' dir='ltr'><strong>{tutu</strong></span> <span class='ocrx_word' id='word_1_150' title='bbox 316 1733 436 1904; x_wconf 58' lang='lat' dir='ltr'><strong>biiii</strong></span> <span class='ocrx_word' id='word_1_151' title='bbox 458 1730 976 1917; x_wconf 65' lang='lat' dir='ltr'><strong>tisstiituiuttiirtuu</strong></span> <span class='ocrx_word' id='word_1_152' title='bbox 995 1727 1333 1900; x_wconf 65' lang='lat' dir='ltr'><strong>sttui-²¹¹ege</strong></span> 
     </span>
     <span class='ocr_line' id='line_1_19' title="bbox 169 1886 1334 1986; baseline -0.007 -16"><span class='ocrx_word' id='word_1_153' title='bbox 169 1889 296 1986; x_wconf 80' lang='lat' dir='ltr'><strong>Aegyptii</strong></span> <span class='ocrx_word' id='word_1_154' title='bbox 316 1919 361 1982; x_wconf 82' lang='lat' dir='ltr'><strong>(c.</strong></span> <span class='ocrx_word' id='word_1_155' title='bbox 381 1917 455 1978; x_wconf 83' lang='lat' dir='ltr'><strong>vill.</strong></span> <span class='ocrx_word' id='word_1_156' title='bbox 475 1916 672 1986; x_wconf 64' lang='lat' dir='ltr'><strong>stipitesque</strong></span> <span class='ocrx_word' id='word_1_157' title='bbox 690 1914 798 1969; x_wconf 89' lang='lat' dir='ltr'><strong>omnino</strong></span> <span class='ocrx_word' id='word_1_158' title='bbox 815 1908 932 1970; x_wconf 86' lang='lat' dir='ltr'><strong>Orientis</strong></span> <span class='ocrx_word' id='word_1_159' title='bbox 950 1886 1053 1982; x_wconf 80' lang='lat' dir='ltr'><strong>pbpnli,</strong></span> <span class='ocrx_word' id='word_1_160' title='bbox 1081 1914 1149 1967; x_wconf 81' lang='lat' dir='ltr'><strong>iarn</strong></span> <span class='ocrx_word' id='word_1_161' title='bbox 1165 1887 1258 1966; x_wconf 71' lang='lat' dir='ltr'><strong>nand</strong></span> <span class='ocrx_word' id='word_1_162' title='bbox 1270 1913 1334 1964; x_wconf 81' lang='lat' dir='ltr'><strong>tor·</strong></span> 
     </span>
     <span class='ocr_line' id='line_1_20' title="bbox 169 1980 1332 2054; baseline -0.005 -18"><span class='ocrx_word' id='word_1_163' title='bbox 169 1992 244 2038; x_wconf 77' lang='lat' dir='ltr'><strong>rent</strong></span> <span class='ocrx_word' id='word_1_164' title='bbox 271 1984 305 2036; x_wconf 79' lang='lat' dir='ltr'><strong>in</strong></span> <span class='ocrx_word' id='word_1_165' title='bbox 330 1985 404 2037; x_wconf 81' lang='lat' dir='ltr'><strong>eius</strong></span> <span class='ocrx_word' id='word_1_166' title='bbox 432 1987 623 2046; x_wconf 83' lang='lat' dir='ltr'><strong>aduentam,</strong></span> <span class='ocrx_word' id='word_1_167' title='bbox 655 1983 673 2035; x_wconf 92' lang='lat' dir='ltr'><strong>i.</strong></span> <span class='ocrx_word' id='word_1_168' title='bbox 691 1999 713 2036; x_wconf 89' lang='lat' dir='ltr'><strong>e.</strong></span> <span class='ocrx_word' id='word_1_169' title='bbox 732 1983 828 2036; x_wconf 88' lang='lat' dir='ltr'><strong>animis</strong></span> <span class='ocrx_word' id='word_1_170' title='bbox 846 1981 874 2034; x_wconf 94' lang='lat' dir='ltr'><strong>in</strong></span> <span class='ocrx_word' id='word_1_171' title='bbox 893 1981 1122 2048; x_wconf 83' lang='lat' dir='ltr'><strong>exspectationem</strong></span> <span class='ocrx_word' id='word_1_172' title='bbox 1140 1980 1332 2054; x_wconf 78' lang='lat' dir='ltr'><strong>adrentuslu·</strong></span> 
     </span>
     <span class='ocr_line' id='line_1_21' title="bbox 220 2047 1334 2113; baseline -0.004 -9"><span class='ocrx_word' id='word_1_173' title='bbox 220 2052 244 2104; x_wconf 91' lang='lat' dir='ltr'><strong>ti</strong></span> <span class='ocrx_word' id='word_1_174' title='bbox 272 2051 384 2105; x_wconf 88' lang='lat' dir='ltr'><strong>intentis</strong></span> <span class='ocrx_word' id='word_1_175' title='bbox 413 2052 467 2104; x_wconf 89' lang='lat' dir='ltr'><strong>iam</strong></span> <span class='ocrx_word' id='word_1_176' title='bbox 498 2067 569 2104; x_wconf 89' lang='lat' dir='ltr'><strong>nunc</strong></span> <span class='ocrx_word' id='word_1_177' title='bbox 596 2051 732 2104; x_wconf 89' lang='lat' dir='ltr'><strong>horrorem</strong></span> <span class='ocrx_word' id='word_1_178' title='bbox 763 2049 892 2113; x_wconf 88' lang='lat' dir='ltr'><strong>sentiunt,</strong></span> <span class='ocrx_word' id='word_1_179' title='bbox 923 2051 979 2102; x_wconf 91' lang='lat' dir='ltr'><strong>tem</strong></span> <span class='ocrx_word' id='word_1_180' title='bbox 998 2063 1031 2100; x_wconf 89' lang='lat' dir='ltr'><strong>us</strong></span> <span class='ocrx_word' id='word_1_181' title='bbox 1061 2048 1211 2103; x_wconf 86' lang='lat' dir='ltr'><strong>adventuri</strong></span> <span class='ocrx_word' id='word_1_182' title='bbox 1229 2047 1334 2100; x_wconf 67' lang='lat' dir='ltr'><strong>ciem</strong></span> 
     </span>
     <span class='ocr_line' id='line_1_22' title="bbox 196 2112 1332 2185; baseline -0.008 -13"><span class='ocrx_word' id='word_1_183' title='bbox 196 2134 286 2173; x_wconf 90' lang='lat' dir='ltr'><strong>eorum</strong></span> <span class='ocrx_word' id='word_1_184' title='bbox 317 2117 430 2171; x_wconf 89' lang='lat' dir='ltr'><strong>oraculis</strong></span> <span class='ocrx_word' id='word_1_185' title='bbox 462 2118 643 2185; x_wconf 81' lang='lat' dir='ltr'><strong>significatum</strong></span> <span class='ocrx_word' id='word_1_186' title='bbox 673 2116 791 2171; x_wconf 88' lang='lat' dir='ltr'><strong>horrent.</strong></span> <span class='ocrx_word' id='word_1_187' title='bbox 827 2115 926 2170; x_wconf 90' lang='lat' dir='ltr'><strong>Procul</strong></span> <span class='ocrx_word' id='word_1_188' title='bbox 951 2115 988 2168; x_wconf 90' lang='lat' dir='ltr'><strong>du</strong></span> <span class='ocrx_word' id='word_1_189' title='bbox 1007 2115 1033 2167; x_wconf 92' lang='lat' dir='ltr'><strong>io</strong></span> <span class='ocrx_word' id='word_1_190' title='bbox 1060 2119 1155 2170; x_wconf 89' lang='lat' dir='ltr'><strong>autem</strong></span> <span class='ocrx_word' id='word_1_191' title='bbox 1184 2114 1251 2168; x_wconf 88' lang='lat' dir='ltr'><strong>haec</strong></span> <span class='ocrx_word' id='word_1_192' title='bbox 1267 2112 1332 2166; x_wconf 84' lang='lat' dir='ltr'><strong>lectio</strong></span> 
     </span>
     <span class='ocr_line' id='line_1_23' title="bbox 170 2179 1334 2254; baseline -0.004 -16"><span class='ocrx_word' id='word_1_193' title='bbox 170 2183 347 2253; x_wconf 82' lang='lat' dir='ltr'><strong>praeferenda</strong></span> <span class='ocrx_word' id='word_1_194' title='bbox 376 2188 418 2239; x_wconf 89' lang='lat' dir='ltr'><strong>est</strong></span> <span class='ocrx_word' id='word_1_195' title='bbox 445 2184 525 2237; x_wconf 77' lang='lat' dir='ltr'><strong>altori</strong></span> <span class='ocrx_word' id='word_1_196' title='bbox 546 2184 575 2236; x_wconf 82' lang='lat' dir='ltr'><strong>iu</strong></span> <span class='ocrx_word' id='word_1_197' title='bbox 598 2186 724 2245; x_wconf 62' lang='lat' dir='ltr'><strong>Mesate,</strong></span> <span class='ocrx_word' id='word_1_198' title='bbox 757 2199 835 2254; x_wconf 81' lang='lat' dir='ltr'><strong>quani</strong></span> <span class='ocrx_word' id='word_1_199' title='bbox 854 2182 938 2237; x_wconf 77' lang='lat' dir='ltr'><strong>codd.</strong></span> <span class='ocrx_word' id='word_1_200' title='bbox 963 2182 1073 2251; x_wconf 87' lang='lat' dir='ltr'><strong>quidam</strong></span> <span class='ocrx_word' id='word_1_201' title='bbox 1092 2182 1207 2235; x_wconf 88' lang='lat' dir='ltr'><strong>minoris</strong></span> <span class='ocrx_word' id='word_1_202' title='bbox 1226 2181 1298 2250; x_wconf 88' lang='lat' dir='ltr'><strong>pretii</strong></span> <span class='ocrx_word' id='word_1_203' title='bbox 1312 2179 1334 2231; x_wconf 74' lang='lat' dir='ltr'><strong>et</strong></span> 
     </span>
     <span class='ocr_line' id='line_1_24' title="bbox 170 2249 1333 2316; baseline -0.005 -11"><span class='ocrx_word' id='word_1_204' title='bbox 170 2252 282 2313; x_wconf 80' lang='lat' dir='ltr'><strong>cumiis</strong></span> <span class='ocrx_word' id='word_1_205' title='bbox 292 2250 350 2305; x_wconf 93' lang='lat' dir='ltr'><strong>Pal.</strong></span> <span class='ocrx_word' id='word_1_206' title='bbox 363 2253 391 2304; x_wconf 89' lang='lat' dir='ltr'><strong>et</strong></span> <span class='ocrx_word' id='word_1_207' title='bbox 401 2251 470 2305; x_wconf 82' lang='lat' dir='ltr'><strong>Gud.</strong></span> <span class='ocrx_word' id='word_1_208' title='bbox 487 2267 551 2307; x_wconf 88' lang='lat' dir='ltr'><strong>am.</strong></span> <span class='ocrx_word' id='word_1_209' title='bbox 565 2266 618 2304; x_wconf 91' lang='lat' dir='ltr'><strong>see.</strong></span> <span class='ocrx_word' id='word_1_210' title='bbox 631 2251 767 2304; x_wconf 81' lang='lat' dir='ltr'><strong>exhibent.</strong></span> <span class='ocrx_word' id='word_1_211' title='bbox 779 2281 811 2290; x_wconf 94' lang='lat'><em>-</em></span> <span class='ocrx_word' id='word_1_212' title='bbox 823 2249 887 2310; x_wconf 81' lang='lat'>800.</span> <span class='ocrx_word' id='word_1_213' title='bbox 901 2251 1055 2309; x_wconf 81' lang='lat' dir='ltr'><strong>turbant,</strong></span> <span class='ocrx_word' id='word_1_214' title='bbox 1074 2249 1133 2303; x_wconf 88' lang='lat' dir='ltr'><strong>scil.</strong></span> <span class='ocrx_word' id='word_1_215' title='bbox 1155 2266 1194 2316; x_wconf 89' lang='lat' dir='ltr'><strong>sc,</strong></span> <span class='ocrx_word' id='word_1_216' title='bbox 1213 2250 1230 2304; x_wconf 86' lang='lat' dir='ltr'><strong>i</strong></span> <span class='ocrx_word' id='word_1_217' title='bbox 1249 2266 1270 2302; x_wconf 85' lang='lat' dir='ltr'><strong>e</strong></span> <span class='ocrx_word' id='word_1_218' title='bbox 1286 2250 1333 2299; x_wconf 85' lang='lat' dir='ltr'><strong>tur·</strong></span> 
     </span>
     <span class='ocr_line' id='line_1_25' title="bbox 170 2315 1333 2385; baseline -0.003 -15"><span class='ocrx_word' id='word_1_219' title='bbox 170 2320 269 2371; x_wconf 88' lang='lat' dir='ltr'><strong>bantur</strong></span> <span class='ocrx_word' id='word_1_220' title='bbox 289 2317 353 2384; x_wconf 79' lang='lat' dir='ltr'><strong>(vid.</strong></span> <span class='ocrx_word' id='word_1_221' title='bbox 371 2317 406 2370; x_wconf 90' lang='lat' dir='ltr'><strong>ad</strong></span> <span class='ocrx_word' id='word_1_222' title='bbox 423 2317 489 2371; x_wconf 89' lang='lat' dir='ltr'><strong>Aen.</strong></span> <span class='ocrx_word' id='word_1_223' title='bbox 506 2318 528 2380; x_wconf 88' lang='grc' dir='ltr'><strong>Ι,</strong></span> <span class='ocrx_word' id='word_1_224' title='bbox 548 2320 628 2382; x_wconf 62' lang='lat' dir='ltr'><strong>EA),</strong></span> <span class='ocrx_word' id='word_1_225' title='bbox 654 2317 800 2385; x_wconf 88' lang='lat' dir='ltr'><strong>trepidant.</strong></span> <span class='ocrx_word' id='word_1_226' title='bbox 836 2317 878 2371; x_wconf 79' lang='lat' dir='ltr'><strong>ef.</strong></span> <span class='ocrx_word' id='word_1_227' title='bbox 896 2318 974 2371; x_wconf 86' lang='lat' dir='ltr'><strong>Lucr.</strong></span> <span class='ocrx_word' id='word_1_228' title='bbox 996 2316 1032 2381; x_wconf 90' lang='lat'><strong>11,</strong></span> <span class='ocrx_word' id='word_1_229' title='bbox 1054 2320 1121 2381; x_wconf 67' lang='lat'><strong>125„</strong></span> <span class='ocrx_word' id='word_1_230' title='bbox 1141 2317 1189 2369; x_wconf 92' lang='lat' dir='ltr'><strong>ubi</strong></span> <span class='ocrx_word' id='word_1_231' title='bbox 1207 2315 1285 2369; x_wconf 87' lang='lat' dir='ltr'><strong>simili</strong></span> <span class='ocrx_word' id='word_1_232' title='bbox 1299 2329 1333 2366; x_wconf 83' lang='lat' dir='ltr'><strong>ra·</strong></span> 
     </span>
     <span class='ocr_line' id='line_1_26' title="bbox 170 2378 1334 2455; baseline -0.003 -18"><span class='ocrx_word' id='word_1_233' title='bbox 170 2385 243 2438; x_wconf 92' lang='lat' dir='ltr'><strong>tione</strong></span> <span class='ocrx_word' id='word_1_234' title='bbox 260 2387 503 2439; x_wconf 87' lang='lat' dir='ltr'><strong>commemorantur</strong></span> <span class='ocrx_word' id='word_1_235' title='bbox 520 2384 656 2455; x_wconf 73' lang='lat' dir='ltr'><strong>Corpora,</strong></span> <span class='ocrx_word' id='word_1_236' title='bbox 675 2402 745 2454; x_wconf 83' lang='lat' dir='ltr'><strong>qaae</strong></span> <span class='ocrx_word' id='word_1_237' title='bbox 760 2385 789 2438; x_wconf 80' lang='lat' dir='ltr'><strong>in</strong></span> <span class='ocrx_word' id='word_1_238' title='bbox 806 2385 875 2439; x_wconf 80' lang='lat' dir='ltr'><strong>solis</strong></span> <span class='ocrx_word' id='word_1_239' title='bbox 889 2384 980 2439; x_wconf 81' lang='lat' dir='ltr'><strong>radiis</strong></span> <span class='ocrx_word' id='word_1_240' title='bbox 998 2384 1112 2436; x_wconf 80' lang='lat' dir='ltr'><strong>turbore</strong></span> <span class='ocrx_word' id='word_1_241' title='bbox 1130 2384 1265 2437; x_wconf 62' lang='lat' dir='ltr'><strong>vadense.</strong></span> <span class='ocrx_word' id='word_1_242' title='bbox 1293 2378 1334 2433; x_wconf 66' lang='lat' dir='ltr'><strong>Ce-</strong></span> 
     </span>
     <span class='ocr_line' id='line_1_27' title="bbox 170 2451 1333 2514; baseline -0.004 -8"><span class='ocrx_word' id='word_1_243' title='bbox 170 2454 259 2507; x_wconf 89' lang='lat' dir='ltr'><strong>teruni</strong></span> <span class='ocrx_word' id='word_1_244' title='bbox 288 2452 340 2506; x_wconf 85' lang='lat' dir='ltr'><strong>rid.</strong></span> <span class='ocrx_word' id='word_1_245' title='bbox 372 2452 455 2506; x_wconf 90' lang='lat' dir='ltr'><strong>etiam</strong></span> <span class='ocrx_word' id='word_1_246' title='bbox 483 2452 555 2506; x_wconf 85' lang='lat' dir='ltr'><strong>infra</strong></span> <span class='ocrx_word' id='word_1_247' title='bbox 577 2452 612 2506; x_wconf 86' lang='lat' dir='ltr'><strong>ad</strong></span> <span class='ocrx_word' id='word_1_248' title='bbox 630 2469 653 2506; x_wconf 85' lang='lat' dir='ltr'><strong>r.</strong></span> <span class='ocrx_word' id='word_1_249' title='bbox 674 2456 731 2507; x_wconf 81' lang='lat'>857.</span> <span class='ocrx_word' id='word_1_250' title='bbox 750 2454 779 2506; x_wconf 91' lang='lat' dir='ltr'><strong>et</strong></span> <span class='ocrx_word' id='word_1_251' title='bbox 796 2452 831 2506; x_wconf 88' lang='lat' dir='ltr'><strong>ad</strong></span> <span class='ocrx_word' id='word_1_252' title='bbox 849 2452 906 2505; x_wconf 89' lang='lat' dir='ltr'><strong>Ecl.</strong></span> <span class='ocrx_word' id='word_1_253' title='bbox 925 2452 949 2514; x_wconf 90' lang='lat'><strong>1,</strong></span> <span class='ocrx_word' id='word_1_254' title='bbox 969 2454 1009 2504; x_wconf 83' lang='grc'><strong>12.</strong></span> <span class='ocrx_word' id='word_1_255' title='bbox 1027 2451 1135 2506; x_wconf 64' lang='grc' dir='ltr'><strong>αάιιοῑῒ.</strong></span> <span class='ocrx_word' id='word_1_256' title='bbox 1155 2482 1189 2490; x_wconf 91' lang='lat'>-</span> <span class='ocrx_word' id='word_1_257' title='bbox 1206 2468 1241 2505; x_wconf 80' lang='lat' dir='ltr'><strong>re</strong></span> <span class='ocrx_word' id='word_1_258' title='bbox 1268 2457 1333 2502; x_wconf 80' lang='lat' dir='ltr'><strong>tear·</strong></span> 
     </span>
     <span class='ocr_line' id='line_1_28' title="bbox 170 2517 1334 2656; baseline -0.001 -15"><span class='ocrx_word' id='word_1_259' title='bbox 170 2520 594 2642; x_wconf 68' lang='lat' dir='ltr'><strong>rcttttt²t.rt²&#39;s·..u</strong></span> <span class='ocrx_word' id='word_1_260' title='bbox 609 2519 1043 2656; x_wconf 55' lang='lat' dir='ltr'><strong>illustrissimus</strong></span> <span class='ocrx_word' id='word_1_261' title='bbox 1061 2534 1078 2572; x_wconf 75' lang='lat'>²</span> <span class='ocrx_word' id='word_1_262' title='bbox 1097 2517 1334 2655; x_wconf 53' lang='lat' dir='ltr'><strong>33¹¹...ss</strong></span> 
     </span>
     <span class='ocr_line' id='line_1_29' title="bbox 166 2604 1333 2801; baseline 0.009 -26"><span class='ocrx_word' id='word_1_263' title='bbox 166 2604 229 2800; x_wconf 73' lang='lat' dir='ltr'><strong>to</strong></span> <span class='ocrx_word' id='word_1_264' title='bbox 245 2654 510 2791; x_wconf 63' lang='lat' dir='ltr'><strong>tutudit?</strong></span> <span class='ocrx_word' id='word_1_265' title='bbox 528 2653 1079 2801; x_wconf 61' lang='lat' dir='ltr'><strong>t.{erembertus</strong></span> <span class='ocrx_word' id='word_1_266' title='bbox 1109 2653 1190 2801; x_wconf 73' lang='lat' dir='ltr'><strong>ul·</strong></span> <span class='ocrx_word' id='word_1_267' title='bbox 1204 2649 1333 2801; x_wconf 63' lang='lat' dir='ltr'><strong>tul</strong></span> 
     </span>
     <span class='ocr_line' id='line_1_30' title="bbox 171 2785 1332 2857; baseline 0 -15"><span class='ocrx_word' id='word_1_268' title='bbox 171 2806 259 2842; x_wconf 79' lang='lat' dir='ltr'><strong>maaria</strong></span> <span class='ocrx_word' id='word_1_269' title='bbox 277 2791 417 2856; x_wconf 77' lang='lat' dir='ltr'><strong>praetcrea</strong></span> <span class='ocrx_word' id='word_1_270' title='bbox 432 2803 486 2841; x_wconf 92' lang='lat' dir='ltr'><strong>non</strong></span> <span class='ocrx_word' id='word_1_271' title='bbox 502 2788 555 2856; x_wconf 82' lang='lat' dir='ltr'><strong>legi</strong></span> <span class='ocrx_word' id='word_1_272' title='bbox 567 2788 681 2850; x_wconf 86' lang='lat' dir='ltr'><strong>videtui,</strong></span> <span class='ocrx_word' id='word_1_273' title='bbox 700 2804 753 2842; x_wconf 90' lang='lat' dir='ltr'><strong>nisi</strong></span> <span class='ocrx_word' id='word_1_274' title='bbox 766 2804 783 2842; x_wconf 93' lang='lat' dir='ltr'><strong>a</strong></span> <span class='ocrx_word' id='word_1_275' title='bbox 802 2833 808 2844; x_wconf 91' lang='lat'>.</span> <span class='ocrx_word' id='word_1_276' title='bbox 823 2789 940 2843; x_wconf 81' lang='lat' dir='ltr'><strong>Statium</strong></span> <span class='ocrx_word' id='word_1_277' title='bbox 952 2787 985 2841; x_wconf 89' lang='lat' dir='ltr'><strong>de</strong></span> <span class='ocrx_word' id='word_1_278' title='bbox 997 2788 1082 2841; x_wconf 84' lang='lat' dir='ltr'><strong>Roma</strong></span> <span class='ocrx_word' id='word_1_279' title='bbox 1093 2788 1232 2857; x_wconf 84' lang='lat' dir='ltr'><strong>septicolli</strong></span> <span class='ocrx_word' id='word_1_280' title='bbox 1242 2786 1302 2841; x_wconf 86' lang='lat' dir='ltr'><strong>Sdr.</strong></span> <span class='ocrx_word' id='word_1_281' title='bbox 1314 2785 1332 2843; x_wconf 82' lang='lat' dir='ltr'><strong>l.</strong></span> 
     </span>
     <span class='ocr_line' id='line_1_31' title="bbox 173 2806 1333 2923; baseline -0.003 -14"><span class='ocrx_word' id='word_1_282' title='bbox 173 2859 197 2910; x_wconf 87' lang='grc'><strong>2.</strong></span> <span class='ocrx_word' id='word_1_283' title='bbox 212 2860 267 2909; x_wconf 84' lang='grc'><strong>191.</strong></span> <span class='ocrx_word' id='word_1_284' title='bbox 278 2859 305 2909; x_wconf 90' lang='lat' dir='ltr'><strong>et</strong></span> <span class='ocrx_word' id='word_1_285' title='bbox 313 2855 360 2922; x_wconf 84' lang='lat' dir='ltr'><strong>IV,</strong></span> <span class='ocrx_word' id='word_1_286' title='bbox 376 2860 398 2918; x_wconf 85' lang='lat'><strong>1,</strong></span> <span class='ocrx_word' id='word_1_287' title='bbox 409 2859 433 2908; x_wconf 86' lang='grc'><strong>6.</strong></span> <span class='ocrx_word' id='word_1_288' title='bbox 452 2854 494 2908; x_wconf 83' lang='lat' dir='ltr'><strong>Cf.</strong></span> <span class='ocrx_word' id='word_1_289' title='bbox 509 2858 600 2909; x_wconf 89' lang='lat' dir='ltr'><strong>autem</strong></span> <span class='ocrx_word' id='word_1_290' title='bbox 610 2854 717 2909; x_wconf 90' lang='lat' dir='ltr'><strong>adnott.</strong></span> <span class='ocrx_word' id='word_1_291' title='bbox 731 2855 765 2909; x_wconf 88' lang='lat' dir='ltr'><strong>ad</strong></span> <span class='ocrx_word' id='word_1_292' title='bbox 774 2806 820 2915; x_wconf 54' lang='lat' dir='ltr'><strong>iil,</strong></span> <span class='ocrx_word' id='word_1_293' title='bbox 832 2859 899 2916; x_wconf 75' lang='lat'>287..</span> <span class='ocrx_word' id='word_1_294' title='bbox 913 2856 958 2909; x_wconf 93' lang='lat' dir='ltr'><strong>ubi</strong></span> <span class='ocrx_word' id='word_1_295' title='bbox 971 2857 1200 2923; x_wconf 70' lang='lat' dir='ltr'><strong>cethempcrnirair</strong></span> <span class='ocrx_word' id='word_1_296' title='bbox 1211 2857 1333 2908; x_wconf 74' lang='lat' dir='ltr'><strong>Briarcus</strong></span> 
     </span>
     <span class='ocr_line' id='line_1_32' title="bbox 172 2921 1332 3002; baseline -0.001 -26"><span class='ocrx_word' id='word_1_297' title='bbox 172 2927 403 3002; x_wconf 76' lang='lat' dir='ltr'><strong>commemoratur.</strong></span> <span class='ocrx_word' id='word_1_298' title='bbox 422 2953 455 2962; x_wconf 91' lang='lat'><em>-</em></span> <span class='ocrx_word' id='word_1_299' title='bbox 473 2921 527 2983; x_wconf 79' lang='grc'><strong>801</strong></span> <span class='ocrx_word' id='word_1_300' title='bbox 545 2939 604 3001; x_wconf 86' lang='lat' dir='ltr'><strong>sqq.</strong></span> <span class='ocrx_word' id='word_1_301' title='bbox 636 2923 676 2986; x_wconf 80' lang='lat' dir='ltr'><strong>„E</strong></span> <span class='ocrx_word' id='word_1_302' title='bbox 711 2923 842 2976; x_wconf 87' lang='lat' dir='ltr'><strong>editiones</strong></span> <span class='ocrx_word' id='word_1_303' title='bbox 861 2925 889 2977; x_wconf 91' lang='lat' dir='ltr'><strong>et</strong></span> <span class='ocrx_word' id='word_1_304' title='bbox 905 2923 1004 2977; x_wconf 84' lang='lat' dir='ltr'><strong>itinera</strong></span> <span class='ocrx_word' id='word_1_305' title='bbox 1021 2922 1140 3002; x_wconf 76' lang='lat' dir='ltr'><strong>Augusti</strong></span> <span class='ocrx_word' id='word_1_306' title='bbox 1158 2923 1203 2992; x_wconf 87' lang='lat' dir='ltr'><strong>[ad</strong></span> <span class='ocrx_word' id='word_1_307' title='bbox 1223 2922 1332 2975; x_wconf 78' lang='lat' dir='ltr'><strong>ordinau-</strong></span> 
     </span>
     <span class='ocr_line' id='line_1_33' title="bbox 172 2940 1332 3059; baseline -0.006 -15"><span class='ocrx_word' id='word_1_308' title='bbox 172 2991 221 3044; x_wconf 89' lang='lat' dir='ltr'><strong>das</strong></span> <span class='ocrx_word' id='word_1_309' title='bbox 249 3005 399 3059; x_wconf 85' lang='lat' dir='ltr'><strong>provincias</strong></span> <span class='ocrx_word' id='word_1_310' title='bbox 421 2989 517 3043; x_wconf 89' lang='lat' dir='ltr'><strong>iisdem</strong></span> <span class='ocrx_word' id='word_1_311' title='bbox 536 3006 623 3056; x_wconf 90' lang='lat' dir='ltr'><strong>aunis,</strong></span> <span class='ocrx_word' id='word_1_312' title='bbox 653 2940 749 3059; x_wconf 75' lang='lat' dir='ltr'><strong>qdibus</strong></span> <span class='ocrx_word' id='word_1_313' title='bbox 769 2991 834 3044; x_wconf 89' lang='lat' dir='ltr'><strong>baec</strong></span> <span class='ocrx_word' id='word_1_314' title='bbox 850 2991 958 3059; x_wconf 87' lang='lat' dir='ltr'><strong>scripsit</strong></span> <span class='ocrx_word' id='word_1_315' title='bbox 973 2989 1121 3058; x_wconf 65' lang='lat' dir='ltr'><strong>Vcrffl&#39;lius,</strong></span> <span class='ocrx_word' id='word_1_316' title='bbox 1151 3007 1177 3043; x_wconf 84' lang='lat' dir='ltr'><strong>a.</strong></span> <span class='ocrx_word' id='word_1_317' title='bbox 1201 2990 1230 3045; x_wconf 90' lang='lat' dir='ltr'><strong>U.</strong></span> <span class='ocrx_word' id='word_1_318' title='bbox 1248 2990 1275 3043; x_wconf 89' lang='lat' dir='ltr'><strong>C.</strong></span> <span class='ocrx_word' id='word_1_319' title='bbox 1293 2989 1332 3039; x_wconf 76' lang='lat' dir='ltr'><strong>itt</strong></span> 
     </span>
     <span class='ocr_line' id='line_1_34' title="bbox 172 3056 1330 3127; baseline -0.003 -16"><span class='ocrx_word' id='word_1_320' title='bbox 172 3074 230 3127; x_wconf 89' lang='lat' dir='ltr'><strong>sqq.</strong></span> <span class='ocrx_word' id='word_1_321' title='bbox 249 3061 386 3126; x_wconf 81' lang='lat' dir='ltr'><strong>suscepta:</strong></span> <span class='ocrx_word' id='word_1_322' title='bbox 417 3056 452 3110; x_wconf 80' lang='lat' dir='ltr'><strong>cf.</strong></span> <span class='ocrx_word' id='word_1_323' title='bbox 470 3057 510 3110; x_wconf 91' lang='lat' dir='ltr'><strong>He</strong></span> <span class='ocrx_word' id='word_1_324' title='bbox 549 3098 554 3110; x_wconf 96' lang='lat'><strong>.</strong></span> <span class='ocrx_word' id='word_1_325' title='bbox 573 3057 608 3110; x_wconf 89' lang='lat' dir='ltr'><strong>ad</strong></span> <span class='ocrx_word' id='word_1_326' title='bbox 626 3073 651 3114; x_wconf 82' lang='lat' dir='ltr'><strong>r.</strong></span> <span class='ocrx_word' id='word_1_327' title='bbox 672 3058 741 3126; x_wconf 74' lang='lat'><strong>792]</strong></span> <span class='ocrx_word' id='word_1_328' title='bbox 763 3059 954 3112; x_wconf 85' lang='lat' dir='ltr'><strong>commemorat</strong></span> <span class='ocrx_word' id='word_1_329' title='bbox 970 3074 1028 3111; x_wconf 91' lang='lat' dir='ltr'><strong>com</strong></span> <span class='ocrx_word' id='word_1_330' title='bbox 1048 3057 1173 3111; x_wconf 88' lang='lat' dir='ltr'><strong>aratione</strong></span> <span class='ocrx_word' id='word_1_331' title='bbox 1191 3057 1262 3111; x_wconf 83' lang='lat' dir='ltr'><strong>facta</strong></span> <span class='ocrx_word' id='word_1_332' title='bbox 1280 3070 1330 3108; x_wconf 88' lang='lat' dir='ltr'><strong>curi</strong></span> 
     </span>
     <span class='ocr_line' id='line_1_35' title="bbox 171 3123 1332 3272; baseline -0.002 -26"><span class='ocrx_word' id='word_1_333' title='bbox 171 3123 496 3271; x_wconf 56' lang='lat' dir='ltr'><strong>bittellltdltq‘ih.</strong></span> <span class='ocrx_word' id='word_1_334' title='bbox 521 3124 990 3272; x_wconf 52' lang='lat' dir='ltr'><strong>stitimputribili...</strong></span> <span class='ocrx_word' id='word_1_335' title='bbox 1017 3124 1332 3255; x_wconf 52' lang='lat' dir='ltr'><strong>tutudistis</strong></span> 
     </span>
     <span class='ocr_line' id='line_1_36' title="bbox 173 3258 1330 3329; baseline -0.003 -15"><span class='ocrx_word' id='word_1_336' title='bbox 173 3260 251 3315; x_wconf 84' lang='lat' dir='ltr'><strong>Piud.</strong></span> <span class='ocrx_word' id='word_1_337' title='bbox 269 3259 310 3314; x_wconf 85' lang='lat' dir='ltr'><strong>Ol.</strong></span> <span class='ocrx_word' id='word_1_338' title='bbox 324 3260 367 3313; x_wconf 95' lang='lat' dir='ltr'><strong>llI</strong></span> <span class='ocrx_word' id='word_1_339' title='bbox 397 3261 460 3321; x_wconf 68' lang='lat' dir='ltr'><strong>aiu,</strong></span> <span class='ocrx_word' id='word_1_340' title='bbox 480 3274 562 3327; x_wconf 79' lang='lat' dir='ltr'><strong>quare</strong></span> <span class='ocrx_word' id='word_1_341' title='bbox 579 3261 659 3327; x_wconf 71' lang='lat' dir='ltr'><strong>poeta</strong></span> <span class='ocrx_word' id='word_1_342' title='bbox 675 3275 805 3313; x_wconf 87' lang='lat' dir='ltr'><strong>immenso</strong></span> <span class='ocrx_word' id='word_1_343' title='bbox 823 3261 911 3328; x_wconf 88' lang='lat' dir='ltr'><strong>spatio</strong></span> <span class='ocrx_word' id='word_1_344' title='bbox 931 3262 1002 3313; x_wconf 82' lang='lat' dir='ltr'><strong>sutor</strong></span> <span class='ocrx_word' id='word_1_345' title='bbox 1019 3259 1069 3313; x_wconf 88' lang='lat' dir='ltr'><strong>hos</strong></span> <span class='ocrx_word' id='word_1_346' title='bbox 1087 3262 1115 3313; x_wconf 92' lang='lat' dir='ltr'><strong>et</strong></span> <span class='ocrx_word' id='word_1_347' title='bbox 1133 3258 1330 3329; x_wconf 81' lang='lat' dir='ltr'><strong>Peloponnesum</strong></span> 
     </span>
     <span class='ocr_line' id='line_1_37' title="bbox 173 3300 1334 3406; baseline -0.002 -26"><span class='ocrx_word' id='word_1_348' title='bbox 173 3327 323 3406; x_wconf 78' lang='lat' dir='ltr'><strong>interiecto,</strong></span> <span class='ocrx_word' id='word_1_349' title='bbox 339 3300 396 3406; x_wconf 40' lang='lat' dir='ltr'><strong>&#39;ubi</strong></span> <span class='ocrx_word' id='word_1_350' title='bbox 422 3326 468 3380; x_wconf 88' lang='lat' dir='ltr'><strong>ille</strong></span> <span class='ocrx_word' id='word_1_351' title='bbox 490 3342 585 3405; x_wconf 77' lang='lat' dir='ltr'><strong>aprum</strong></span> <span class='ocrx_word' id='word_1_352' title='bbox 605 3326 810 3405; x_wconf 79' lang='lat' dir='ltr'><strong>Erymanthium</strong></span> <span class='ocrx_word' id='word_1_353' title='bbox 829 3327 899 3394; x_wconf 89' lang='lat' dir='ltr'><strong>cepit</strong></span> <span class='ocrx_word' id='word_1_354' title='bbox 918 3328 946 3406; x_wconf 76' lang='lat' dir='ltr'><strong>et</strong></span> <span class='ocrx_word' id='word_1_355' title='bbox 963 3327 1077 3395; x_wconf 87' lang='lat' dir='ltr'><strong>hydram</strong></span> <span class='ocrx_word' id='word_1_356' title='bbox 1095 3327 1246 3381; x_wconf 85' lang='lat' dir='ltr'><strong>Lernaeam</strong></span> <span class='ocrx_word' id='word_1_357' title='bbox 1262 3327 1334 3403; x_wconf 76' lang='lat' dir='ltr'><strong>inter·</strong></span> 
     </span>
     <span class='ocr_line' id='line_1_38' title="bbox 172 3393 1330 3463; baseline -0.003 -16"><span class='ocrx_word' id='word_1_358' title='bbox 172 3394 245 3456; x_wconf 84' lang='lat' dir='ltr'><strong>fecit,</strong></span> <span class='ocrx_word' id='word_1_359' title='bbox 276 3394 426 3463; x_wconf 83' lang='lat' dir='ltr'><strong>sigmficare</strong></span> <span class='ocrx_word' id='word_1_360' title='bbox 447 3393 509 3447; x_wconf 82' lang='lat' dir='ltr'><strong>vult</strong></span> <span class='ocrx_word' id='word_1_361' title='bbox 530 3397 667 3463; x_wconf 86' lang='lat' dir='ltr'><strong>ingentem</strong></span> <span class='ocrx_word' id='word_1_362' title='bbox 690 3395 822 3449; x_wconf 90' lang='lat' dir='ltr'><strong>ambitum</strong></span> <span class='ocrx_word' id='word_1_363' title='bbox 839 3410 870 3448; x_wconf 87' lang='lat' dir='ltr'><strong>ei</strong></span> <span class='ocrx_word' id='word_1_364' title='bbox 890 3394 1036 3448; x_wconf 88' lang='lat' dir='ltr'><strong>editionum</strong></span> <span class='ocrx_word' id='word_1_365' title='bbox 1056 3395 1185 3462; x_wconf 84' lang='lat' dir='ltr'><strong>Augusti.</strong></span> <span class='ocrx_word' id='word_1_366' title='bbox 1205 3424 1236 3433; x_wconf 92' lang='lat'>—</span> <span class='ocrx_word' id='word_1_367' title='bbox 1253 3409 1330 3447; x_wconf 79' lang='lat' dir='ltr'><strong>ucri·</strong></span> 
     </span>
     <span class='ocr_line' id='line_1_39' title="bbox 169 3410 1331 3534; baseline -0.003 -19"><span class='ocrx_word' id='word_1_368' title='bbox 169 3464 286 3531; x_wconf 81' lang='lat' dir='ltr'><strong>pedem</strong></span> <span class='ocrx_word' id='word_1_369' title='bbox 317 3478 455 3517; x_wconf 84' lang='lat' dir='ltr'><strong>cervam.</strong></span> <span class='ocrx_word' id='word_1_370' title='bbox 490 3460 647 3530; x_wconf 79' lang='lat' dir='ltr'><strong>„Cerynitia</strong></span> <span class='ocrx_word' id='word_1_371' title='bbox 665 3479 746 3516; x_wconf 70' lang='lat' dir='ltr'><strong>cerm</strong></span> <span class='ocrx_word' id='word_1_372' title='bbox 764 3462 845 3515; x_wconf 82' lang='lat' dir='ltr'><strong>etism</strong></span> <span class='ocrx_word' id='word_1_373' title='bbox 865 3410 975 3517; x_wconf 69' lang='lat' dir='ltr'><strong>tiraecis</strong></span> <span class='ocrx_word' id='word_1_374' title='bbox 998 3461 1172 3530; x_wconf 67' lang='grc' dir='ltr'><strong><em>χαλκόπους,</em></strong></span> <span class='ocrx_word' id='word_1_375' title='bbox 1204 3478 1259 3530; x_wconf 80' lang='lat' dir='ltr'><strong>qus</strong></span> <span class='ocrx_word' id='word_1_376' title='bbox 1280 3473 1331 3534; x_wconf 71' lang='lat' dir='ltr'><strong>root</strong></span> 
     </span>
     <span class='ocr_line' id='line_1_40' title="bbox 168 3528 1331 3598; baseline -0.001 -17"><span class='ocrx_word' id='word_1_377' title='bbox 168 3531 271 3598; x_wconf 77' lang='lat' dir='ltr'><strong>perlem</strong></span> <span class='ocrx_word' id='word_1_378' title='bbox 299 3531 385 3583; x_wconf 81' lang='lat' dir='ltr'><strong>robur</strong></span> <span class='ocrx_word' id='word_1_379' title='bbox 412 3528 525 3597; x_wconf 90' lang='lat' dir='ltr'><strong>ideoque</strong></span> <span class='ocrx_word' id='word_1_380' title='bbox 550 3530 718 3583; x_wconf 63' lang='lat' dir='ltr'><strong>vcbdtntcm</strong></span> <span class='ocrx_word' id='word_1_381' title='bbox 736 3529 816 3597; x_wconf 86' lang='lat' dir='ltr'><strong>prisci</strong></span> <span class='ocrx_word' id='word_1_382' title='bbox 833 3529 956 3583; x_wconf 85' lang='lat' dir='ltr'><strong>homines</strong></span> <span class='ocrx_word' id='word_1_383' title='bbox 974 3529 1166 3593; x_wconf 78' lang='lat' dir='ltr'><strong>declarabant3</strong></span> <span class='ocrx_word' id='word_1_384' title='bbox 1213 3532 1286 3583; x_wconf 72' lang='lat' dir='ltr'><strong>ottae</strong></span> <span class='ocrx_word' id='word_1_385' title='bbox 1302 3541 1331 3580; x_wconf 82' lang='lat' dir='ltr'><strong>ru</strong></span> 
     </span>
     <span class='ocr_line' id='line_1_41' title="bbox 173 3591 1329 3667; baseline -0.002 -19"><span class='ocrx_word' id='word_1_386' title='bbox 173 3595 332 3649; x_wconf 86' lang='lat' dir='ltr'><strong>miraculum</strong></span> <span class='ocrx_word' id='word_1_387' title='bbox 350 3598 382 3649; x_wconf 93' lang='lat' dir='ltr'><strong>ut</strong></span> <span class='ocrx_word' id='word_1_388' title='bbox 400 3599 547 3659; x_wconf 83' lang='lat' dir='ltr'><strong>servarent,</strong></span> <span class='ocrx_word' id='word_1_389' title='bbox 573 3594 711 3650; x_wconf 86' lang='lat' dir='ltr'><strong>eitbeton</strong></span> <span class='ocrx_word' id='word_1_390' title='bbox 730 3596 899 3650; x_wconf 89' lang='lat' dir='ltr'><strong>retinuerunt</strong></span> <span class='ocrx_word' id='word_1_391' title='bbox 916 3597 1141 3666; x_wconf 80' lang='lat' dir='ltr'><strong>aeripedem.“</strong></span> <span class='ocrx_word' id='word_1_392' title='bbox 1211 3614 1268 3667; x_wconf 69' lang='lat' dir='ltr'><strong>eya</strong></span> <span class='ocrx_word' id='word_1_393' title='bbox 1298 3591 1329 3646; x_wconf 81' lang='lat' dir='ltr'><strong>Gi</strong></span> 
     </span>
     <span class='ocr_line' id='line_1_42' title="bbox 172 3613 1331 3743; baseline 0.003 -28"><span class='ocrx_word' id='word_1_394' title='bbox 172 3661 254 3741; x_wconf 84' lang='lat' dir='ltr'><strong>¹Silius</strong></span> <span class='ocrx_word' id='word_1_395' title='bbox 274 3663 325 3723; x_wconf 87' lang='grc' dir='ltr'><strong>ΠΙ,</strong></span> <span class='ocrx_word' id='word_1_396' title='bbox 345 3667 384 3717; x_wconf 82' lang='grc'><strong>39,</strong></span> <span class='ocrx_word' id='word_1_397' title='bbox 415 3663 538 3743; x_wconf 79' lang='lat' dir='ltr'><strong>Martial.¹</strong></span> <span class='ocrx_word' id='word_1_398' title='bbox 553 3613 605 3727; x_wconf 50' lang='lat' dir='ltr'><strong>IX?</strong></span> <span class='ocrx_word' id='word_1_399' title='bbox 622 3668 678 3727; x_wconf 76' lang='lat'>104,</span> <span class='ocrx_word' id='word_1_400' title='bbox 690 3668 720 3743; x_wconf 76' lang='lat'><strong>.⁷·</strong></span> <span class='ocrx_word' id='word_1_401' title='bbox 756 3664 854 3718; x_wconf 85' lang='lat' dir='ltr'><strong>Ausou.</strong></span> <span class='ocrx_word' id='word_1_402' title='bbox 872 3664 903 3717; x_wconf 91' lang='lat' dir='ltr'><strong>ld</strong></span> <span class='ocrx_word' id='word_1_403' title='bbox 923 3664 953 3717; x_wconf 89' lang='lat' dir='ltr'><strong>ll.</strong></span> <span class='ocrx_word' id='word_1_404' title='bbox 978 3668 1015 3719; x_wconf 87' lang='lat' dir='ltr'><strong>ie.</strong></span> <span class='ocrx_word' id='word_1_405' title='bbox 1040 3667 1106 3719; x_wconf 87' lang='lat' dir='ltr'><strong>cett.</strong></span> <span class='ocrx_word' id='word_1_406' title='bbox 1142 3667 1274 3733; x_wconf 86' lang='lat' dir='ltr'><strong>Apertum</strong></span> <span class='ocrx_word' id='word_1_407' title='bbox 1300 3661 1331 3714; x_wconf 68' lang='lat' dir='ltr'><strong>td</strong></span> 
     </span>
     <span class='ocr_line' id='line_1_43' title="bbox 172 3680 1331 3808; baseline 0.003 -27"><span class='ocrx_word' id='word_1_408' title='bbox 172 3731 264 3808; x_wconf 67' lang='lat' dir='ltr'><strong>igitur,</strong></span> <span class='ocrx_word' id='word_1_409' title='bbox 283 3745 371 3783; x_wconf 89' lang='lat' dir='ltr'><strong>errare</strong></span> <span class='ocrx_word' id='word_1_410' title='bbox 388 3729 594 3795; x_wconf 88' lang='lat' dir='ltr'><strong>Grammaticos,</strong></span> <span class='ocrx_word' id='word_1_411' title='bbox 624 3733 743 3786; x_wconf 80' lang='lat' dir='ltr'><strong>Servium</strong></span> <span class='ocrx_word' id='word_1_412' title='bbox 756 3731 796 3785; x_wconf 87' lang='lat' dir='ltr'><strong>-ad</strong></span> <span class='ocrx_word' id='word_1_413' title='bbox 816 3731 843 3784; x_wconf 90' lang='lat' dir='ltr'><strong>h.</strong></span> <span class='ocrx_word' id='word_1_414' title='bbox 861 3730 881 3783; x_wconf 92' lang='lat'><strong>1.</strong></span> <span class='ocrx_word' id='word_1_415' title='bbox 899 3680 1056 3786; x_wconf 74' lang='lat' dir='ltr'><strong>diomedem</strong></span> <span class='ocrx_word' id='word_1_416' title='bbox 1074 3731 1111 3785; x_wconf 92' lang='lat'><strong>11.</strong></span> <span class='ocrx_word' id='word_1_417' title='bbox 1129 3748 1156 3799; x_wconf 94' lang='lat' dir='ltr'><strong>p.</strong></span> <span class='ocrx_word' id='word_1_418' title='bbox 1176 3735 1235 3787; x_wconf 75' lang='lat'><strong>437.</strong></span> <span class='ocrx_word' id='word_1_419' title='bbox 1253 3731 1331 3786; x_wconf 83' lang='lat' dir='ltr'><strong>Chiu-</strong></span> 
     </span>
     <span class='ocr_line' id='line_1_44' title="bbox 172 3795 1331 3869; baseline 0 -19"><span class='ocrx_word' id='word_1_420' title='bbox 172 3812 242 3850; x_wconf 90' lang='lat' dir='ltr'><strong>sium</strong></span> <span class='ocrx_word' id='word_1_421' title='bbox 259 3795 307 3851; x_wconf 88' lang='lat' dir='ltr'><strong>IV.</strong></span> <span class='ocrx_word' id='word_1_422' title='bbox 326 3813 351 3864; x_wconf 93' lang='lat' dir='ltr'><strong>p.</strong></span> <span class='ocrx_word' id='word_1_423' title='bbox 371 3799 430 3850; x_wconf 79' lang='grc'><strong>249.</strong></span> <span class='ocrx_word' id='word_1_424' title='bbox 447 3815 474 3866; x_wconf 91' lang='lat' dir='ltr'><strong>p.</strong></span> <span class='ocrx_word' id='word_1_425' title='bbox 492 3810 520 3851; x_wconf 85' lang='lat' dir='ltr'><strong>et</strong></span> <span class='ocrx_word' id='word_1_426' title='bbox 537 3798 694 3868; x_wconf 88' lang='lat' dir='ltr'><strong>Pompeium</strong></span> <span class='ocrx_word' id='word_1_427' title='bbox 712 3817 738 3868; x_wconf 86' lang='lat' dir='ltr'><strong>p.</strong></span> <span class='ocrx_word' id='word_1_428' title='bbox 754 3803 811 3853; x_wconf 81' lang='grc'><strong>449.</strong></span> <span class='ocrx_word' id='word_1_429' title='bbox 832 3798 962 3860; x_wconf 79' lang='lat' dir='ltr'><strong>hisdem..</strong></span> <span class='ocrx_word' id='word_1_430' title='bbox 993 3799 1039 3868; x_wconf 91' lang='lat' dir='ltr'><strong>qui</strong></span> <span class='ocrx_word' id='word_1_431' title='bbox 1057 3800 1217 3867; x_wconf 67' lang='lat' dir='ltr'><strong>arripuisse</strong></span> <span class='ocrx_word' id='word_1_432' title='bbox 1238 3817 1284 3869; x_wconf 86' lang='lat' dir='ltr'><strong>per</strong></span> <span class='ocrx_word' id='word_1_433' title='bbox 1299 3810 1331 3864; x_wconf 82' lang='lat' dir='ltr'><strong>sy·</strong></span> 
     </span>
     <span class='ocr_line' id='line_1_45' title="bbox 172 3862 1331 3946; baseline -0.002 -28"><span class='ocrx_word' id='word_1_434' title='bbox 172 3862 320 3943; x_wconf 81' lang='lat' dir='ltr'><strong>ualoephen</strong></span> <span class='ocrx_word' id='word_1_435' title='bbox 338 3880 386 3932; x_wconf 89' lang='lat' dir='ltr'><strong>pro</strong></span> <span class='ocrx_word' id='word_1_436' title='bbox 405 3867 568 3935; x_wconf 65' lang='lat' dir='ltr'><strong>crispiadem,</strong></span> <span class='ocrx_word' id='word_1_437' title='bbox 598 3867 683 3920; x_wconf 71' lang='lat' dir='ltr'><strong>aerios</strong></span> <span class='ocrx_word' id='word_1_438' title='bbox 708 3867 789 3935; x_wconf 87' lang='lat' dir='ltr'><strong>pedes</strong></span> <span class='ocrx_word' id='word_1_439' title='bbox 805 3866 958 3928; x_wconf 84' lang='lat' dir='ltr'><strong>habentem,</strong></span> <span class='ocrx_word' id='word_1_440' title='bbox 989 3866 1162 3946; x_wconf 73' lang='grc' dir='ltr'><em>ποδήμενον,</em></span> <span class='ocrx_word' id='word_1_441' title='bbox 1194 3867 1214 3920; x_wconf 93' lang='lat' dir='ltr'><strong>i.</strong></span> <span class='ocrx_word' id='word_1_442' title='bbox 1233 3883 1255 3921; x_wconf 87' lang='lat' dir='ltr'><strong>c.</strong></span> <span class='ocrx_word' id='word_1_443' title='bbox 1272 3864 1331 3940; x_wconf 75' lang='lat' dir='ltr'><strong>relq·</strong></span> 
     </span>
     <span class='ocr_line' id='line_1_46' title="bbox 173 3931 1332 4014; baseline 0 -29"><span class='ocrx_word' id='word_1_444' title='bbox 173 3948 239 3999; x_wconf 84' lang='lat' dir='ltr'><strong>cem,</strong></span> <span class='ocrx_word' id='word_1_445' title='bbox 266 3931 366 3985; x_wconf 86' lang='lat' dir='ltr'><strong>dictam</strong></span> <span class='ocrx_word' id='word_1_446' title='bbox 384 3947 443 3986; x_wconf 88' lang='lat' dir='ltr'><strong>csse</strong></span> <span class='ocrx_word' id='word_1_447' title='bbox 460 3935 567 4002; x_wconf 86' lang='lat' dir='ltr'><strong>putant.</strong></span> <span class='ocrx_word' id='word_1_448' title='bbox 585 3965 615 3973; x_wconf 97' lang='lat'><em>-</em></span> <span class='ocrx_word' id='word_1_449' title='bbox 637 3932 704 3995; x_wconf 81' lang='lat'>802.</span> <span class='ocrx_word' id='word_1_450' title='bbox 736 3934 893 3998; x_wconf 78' lang='lat' dir='ltr'><strong>„Fiuerr‘t</strong></span> <span class='ocrx_word' id='word_1_451' title='bbox 915 3934 986 3988; x_wconf 88' lang='lat' dir='ltr'><strong>haud</strong></span> <span class='ocrx_word' id='word_1_452' title='bbox 1004 3934 1086 3988; x_wconf 90' lang='lat' dir='ltr'><strong>dubie</strong></span> <span class='ocrx_word' id='word_1_453' title='bbox 1104 3933 1140 3987; x_wconf 89' lang='lat' dir='ltr'><strong>ad</strong></span> <span class='ocrx_word' id='word_1_454' title='bbox 1159 3934 1246 3989; x_wconf 91' lang='lat' dir='ltr'><strong>telum</strong></span> <span class='ocrx_word' id='word_1_455' title='bbox 1263 3936 1332 4014; x_wconf 81' lang='lat' dir='ltr'><strong>perti·</strong></span> 
     </span>
     <span class='ocr_line' id='line_1_47' title="bbox 172 3998 1332 4071; baseline -0.001 -19"><span class='ocrx_word' id='word_1_456' title='bbox 172 4002 231 4062; x_wconf 88' lang='lat' dir='ltr'><strong>uet;</strong></span> <span class='ocrx_word' id='word_1_457' title='bbox 249 3999 325 4068; x_wconf 90' lang='lat' dir='ltr'><strong>atqui</strong></span> <span class='ocrx_word' id='word_1_458' title='bbox 342 3998 436 4054; x_wconf 89' lang='lat' dir='ltr'><strong>debuit</strong></span> <span class='ocrx_word' id='word_1_459' title='bbox 453 4016 531 4055; x_wconf 81' lang='lat' dir='ltr'><strong>cerva</strong></span> <span class='ocrx_word' id='word_1_460' title='bbox 548 4001 609 4054; x_wconf 83' lang='lat' dir='ltr'><strong>risa</strong></span> <span class='ocrx_word' id='word_1_461' title='bbox 626 4003 706 4070; x_wconf 85' lang='lat' dir='ltr'><strong>capta</strong></span> <span class='ocrx_word' id='word_1_462' title='bbox 722 4017 789 4056; x_wconf 87' lang='lat' dir='ltr'><strong>esse.</strong></span> <span class='ocrx_word' id='word_1_463' title='bbox 810 4001 870 4056; x_wconf 89' lang='lat' dir='ltr'><strong>Vid.</strong></span> <span class='ocrx_word' id='word_1_464' title='bbox 888 4002 1012 4071; x_wconf 84' lang='lat' dir='ltr'><strong>Apollod.</strong></span> <span class='ocrx_word' id='word_1_465' title='bbox 1030 4002 1067 4068; x_wconf 85' lang='grc' dir='ltr'><strong>Π,</strong></span> <span class='ocrx_word' id='word_1_466' title='bbox 1088 4006 1112 4066; x_wconf 82' lang='grc'><strong>5,</strong></span> <span class='ocrx_word' id='word_1_467' title='bbox 1131 4005 1158 4055; x_wconf 80' lang='grc'><strong>3.</strong></span> <span class='ocrx_word' id='word_1_468' title='bbox 1190 4004 1247 4056; x_wconf 89' lang='lat' dir='ltr'><strong>Aut</strong></span> <span class='ocrx_word' id='word_1_469' title='bbox 1263 4001 1332 4070; x_wconf 77' lang='lat' dir='ltr'><strong>igitur</strong></span> 
     </span>
     <span class='ocr_line' id='line_1_48' title="bbox 171 4066 1332 4137; baseline 0.003 -16"><span class='ocrx_word' id='word_1_470' title='bbox 171 4066 255 4121; x_wconf 83' lang='lat' dir='ltr'><strong>alium</strong></span> <span class='ocrx_word' id='word_1_471' title='bbox 273 4068 408 4121; x_wconf 88' lang='lat' dir='ltr'><strong>auctorem</strong></span> <span class='ocrx_word' id='word_1_472' title='bbox 427 4071 535 4123; x_wconf 89' lang='lat' dir='ltr'><strong>secutus</strong></span> <span class='ocrx_word' id='word_1_473' title='bbox 553 4071 595 4123; x_wconf 90' lang='lat' dir='ltr'><strong>est</strong></span> <span class='ocrx_word' id='word_1_474' title='bbox 612 4071 700 4137; x_wconf 78' lang='lat' dir='ltr'><strong>poeta,</strong></span> <span class='ocrx_word' id='word_1_475' title='bbox 730 4072 779 4124; x_wconf 90' lang='lat' dir='ltr'><strong>aut</strong></span> <span class='ocrx_word' id='word_1_476' title='bbox 800 4070 907 4123; x_wconf 85' lang='lat' dir='ltr'><strong>locutus</strong></span> <span class='ocrx_word' id='word_1_477' title='bbox 925 4071 968 4123; x_wconf 86' lang='lat' dir='ltr'><strong>est</strong></span> <span class='ocrx_word' id='word_1_478' title='bbox 985 4070 1073 4122; x_wconf 90' lang='lat' dir='ltr'><strong>minus</strong></span> <span class='ocrx_word' id='word_1_479' title='bbox 1092 4073 1235 4125; x_wconf 84' lang='lat' dir='ltr'><strong>accurate:</strong></span> <span class='ocrx_word' id='word_1_480' title='bbox 1264 4073 1332 4136; x_wconf 66' lang='lat' dir='ltr'><strong>fleat</strong></span> 
     </span>
     <span class='ocr_line' id='line_1_49' title="bbox 172 4136 1332 4205; baseline 0 -18"><span class='ocrx_word' id='word_1_481' title='bbox 172 4150 220 4202; x_wconf 90' lang='lat' dir='ltr'><strong>pro</strong></span> <span class='ocrx_word' id='word_1_482' title='bbox 237 4136 362 4200; x_wconf 78' lang='lat' dir='ltr'><strong>cupere.“</strong></span> <span class='ocrx_word' id='word_1_483' title='bbox 389 4136 480 4204; x_wconf 80' lang='lat' dir='ltr'><strong>Heya.</strong></span> <span class='ocrx_word' id='word_1_484' title='bbox 515 4136 592 4201; x_wconf 85' lang='lat' dir='ltr'><strong>Quod</strong></span> <span class='ocrx_word' id='word_1_485' title='bbox 609 4139 640 4189; x_wconf 92' lang='lat' dir='ltr'><strong>ut</strong></span> <span class='ocrx_word' id='word_1_486' title='bbox 660 4138 821 4201; x_wconf 87' lang='lat' dir='ltr'><strong>statuamus,</strong></span> <span class='ocrx_word' id='word_1_487' title='bbox 840 4153 892 4190; x_wconf 91' lang='lat' dir='ltr'><strong>nou</strong></span> <span class='ocrx_word' id='word_1_488' title='bbox 912 4153 979 4205; x_wconf 89' lang='lat' dir='ltr'><strong>opus</strong></span> <span class='ocrx_word' id='word_1_489' title='bbox 996 4139 1046 4204; x_wconf 64' lang='lat' dir='ltr'><strong>est,</strong></span> <span class='ocrx_word' id='word_1_490' title='bbox 1070 4152 1134 4189; x_wconf 88' lang='lat' dir='ltr'><strong>nam</strong></span> <span class='ocrx_word' id='word_1_491' title='bbox 1153 4138 1236 4191; x_wconf 89' lang='lat' dir='ltr'><strong>etiam</strong></span> <span class='ocrx_word' id='word_1_492' title='bbox 1254 4149 1332 4190; x_wconf 86' lang='lat' dir='ltr'><strong>secur·</strong></span> 
     </span>
     <span class='ocr_line' id='line_1_50' title="bbox 172 4199 1332 4272; baseline 0 -18"><span class='ocrx_word' id='word_1_493' title='bbox 172 4201 237 4255; x_wconf 88' lang='lat' dir='ltr'><strong>dum</strong></span> <span class='ocrx_word' id='word_1_494' title='bbox 257 4201 411 4271; x_wconf 83' lang='lat' dir='ltr'><strong>Euripidem</strong></span> <span class='ocrx_word' id='word_1_495' title='bbox 432 4204 519 4272; x_wconf 86' lang='lat' dir='ltr'><strong>(Here.</strong></span> <span class='ocrx_word' id='word_1_496' title='bbox 542 4204 593 4257; x_wconf 85' lang='lat' dir='ltr'><strong>ini.</strong></span> <span class='ocrx_word' id='word_1_497' title='bbox 612 4206 680 4269; x_wconf 80' lang='grc'><strong>378.)</strong></span> <span class='ocrx_word' id='word_1_498' title='bbox 699 4204 829 4259; x_wconf 88' lang='lat' dir='ltr'><strong>Hercules</strong></span> <span class='ocrx_word' id='word_1_499' title='bbox 852 4220 957 4258; x_wconf 80' lang='lat' dir='ltr'><strong>cervam</strong></span> <span class='ocrx_word' id='word_1_500' title='bbox 981 4202 1126 4258; x_wconf 83' lang='lat' dir='ltr'><strong>interiecit.</strong></span> <span class='ocrx_word' id='word_1_501' title='bbox 1163 4203 1287 4258; x_wconf 88' lang='lat' dir='ltr'><strong>Ceterum</strong></span> <span class='ocrx_word' id='word_1_502' title='bbox 1306 4199 1332 4254; x_wconf 83' lang='lat' dir='ltr'><strong>ct</strong></span> 
     </span>
     <span class='ocr_line' id='line_1_51' title="bbox 171 4267 1333 4341; baseline -0.001 -19"><span class='ocrx_word' id='word_1_503' title='bbox 171 4268 228 4323; x_wconf 88' lang='lat' dir='ltr'><strong>Ecl.</strong></span> <span class='ocrx_word' id='word_1_504' title='bbox 246 4270 283 4334; x_wconf 90' lang='lat' dir='ltr'><strong>ll,</strong></span> <span class='ocrx_word' id='word_1_505' title='bbox 303 4273 344 4322; x_wconf 79' lang='grc'><strong>29.</strong></span> <span class='ocrx_word' id='word_1_506' title='bbox 374 4274 457 4338; x_wconf 69' lang='lat' dir='ltr'><strong>ripere</strong></span> <span class='ocrx_word' id='word_1_507' title='bbox 486 4288 582 4325; x_wconf 79' lang='lat' dir='ltr'><strong>cervos</strong></span> <span class='ocrx_word' id='word_1_508' title='bbox 602 4271 693 4341; x_wconf 90' lang='lat' dir='ltr'><strong>ibique</strong></span> <span class='ocrx_word' id='word_1_509' title='bbox 711 4271 815 4326; x_wconf 88' lang='lat' dir='ltr'><strong>adnott.</strong></span> <span class='ocrx_word' id='word_1_510' title='bbox 835 4303 868 4311; x_wconf 82' lang='lat'><em>-</em></span> <span class='ocrx_word' id='word_1_511' title='bbox 887 4271 940 4326; x_wconf 90' lang='lat' dir='ltr'><strong>Pro</strong></span> <span class='ocrx_word' id='word_1_512' title='bbox 957 4279 1014 4324; x_wconf 84' lang='lat' dir='ltr'><strong>aut</strong></span> <span class='ocrx_word' id='word_1_513' title='bbox 1030 4272 1243 4338; x_wconf 73' lang='lat' dir='ltr'><strong>Erymanthi</strong></span> <span class='ocrx_word' id='word_1_514' title='bbox 1258 4267 1333 4325; x_wconf 79' lang='lat' dir='ltr'><strong>liari-</strong></span> 
     </span>
     <span class='ocr_line' id='line_1_52' title="bbox 171 4335 1334 4409; baseline 0 -20"><span class='ocrx_word' id='word_1_515' title='bbox 171 4335 243 4390; x_wconf 86' lang='lat' dir='ltr'><strong>land.</strong></span> <span class='ocrx_word' id='word_1_516' title='bbox 262 4337 297 4391; x_wconf 88' lang='lat' dir='ltr'><strong>ad</strong></span> <span class='ocrx_word' id='word_1_517' title='bbox 317 4338 388 4392; x_wconf 86' lang='lat' dir='ltr'><strong>Stat.</strong></span> <span class='ocrx_word' id='word_1_518' title='bbox 406 4340 471 4394; x_wconf 82' lang='lat' dir='ltr'><strong>silv.</strong></span> <span class='ocrx_word' id='word_1_519' title='bbox 488 4338 521 4403; x_wconf 85' lang='lat' dir='ltr'><strong>V,</strong></span> <span class='ocrx_word' id='word_1_520' title='bbox 541 4341 565 4402; x_wconf 83' lang='lat'><strong>2,</strong></span> <span class='ocrx_word' id='word_1_521' title='bbox 582 4342 624 4392; x_wconf 81' lang='grc'><strong>48.</strong></span> <span class='ocrx_word' id='word_1_522' title='bbox 654 4338 723 4393; x_wconf 88' lang='lat' dir='ltr'><strong>coui.</strong></span> <span class='ocrx_word' id='word_1_523' title='bbox 742 4347 822 4408; x_wconf 66' lang='lat' dir='ltr'><strong>atqie</strong></span> <span class='ocrx_word' id='word_1_524' title='bbox 839 4340 942 4404; x_wconf 65' lang='lat' dir='ltr'><strong>Erum„</strong></span> <span class='ocrx_word' id='word_1_525' title='bbox 973 4339 1045 4409; x_wconf 90' lang='lat' dir='ltr'><strong>quod</strong></span> <span class='ocrx_word' id='word_1_526' title='bbox 1075 4354 1089 4391; x_wconf 88' lang='lat' dir='ltr'><strong>s</strong></span> <span class='ocrx_word' id='word_1_527' title='bbox 1124 4341 1209 4392; x_wconf 91' lang='lat' dir='ltr'><strong>uatur</strong></span> <span class='ocrx_word' id='word_1_528' title='bbox 1236 4348 1262 4393; x_wconf 76' lang='lat' dir='ltr'><strong>et</strong></span> <span class='ocrx_word' id='word_1_529' title='bbox 1278 4337 1334 4389; x_wconf 60' lang='lat' dir='ltr'><strong>1.oe</strong></span> 
     </span>
     <span class='ocr_line' id='line_1_53' title="bbox 170 4402 1334 4475; baseline 0.006 -19"><span class='ocrx_word' id='word_1_530' title='bbox 170 4422 243 4468; x_wconf 81' lang='lat' dir='ltr'><strong>narn,</strong></span> <span class='ocrx_word' id='word_1_531' title='bbox 261 4407 310 4458; x_wconf 93' lang='lat' dir='ltr'><strong>aut</strong></span> <span class='ocrx_word' id='word_1_532' title='bbox 327 4421 401 4475; x_wconf 89' lang='lat' dir='ltr'><strong>sequ.</strong></span> <span class='ocrx_word' id='word_1_533' title='bbox 422 4421 500 4462; x_wconf 82' lang='lat' dir='ltr'><strong>versu</strong></span> <span class='ocrx_word' id='word_1_534' title='bbox 520 4405 635 4460; x_wconf 87' lang='lat' dir='ltr'><strong>alterum</strong></span> <span class='ocrx_word' id='word_1_535' title='bbox 655 4414 703 4461; x_wconf 79' lang='lat' dir='ltr'><strong>urit</strong></span> <span class='ocrx_word' id='word_1_536' title='bbox 720 4424 768 4475; x_wconf 91' lang='lat' dir='ltr'><strong>pro</strong></span> <span class='ocrx_word' id='word_1_537' title='bbox 786 4415 818 4460; x_wconf 80' lang='lat' dir='ltr'><strong>rt.</strong></span> <span class='ocrx_word' id='word_1_538' title='bbox 844 4407 895 4461; x_wconf 82' lang='lat' dir='ltr'><strong>Sed</strong></span> <span class='ocrx_word' id='word_1_539' title='bbox 912 4407 967 4461; x_wconf 85' lang='lat' dir='ltr'><strong>vid.</strong></span> <span class='ocrx_word' id='word_1_540' title='bbox 986 4422 1070 4475; x_wconf 87' lang='lat' dir='ltr'><strong>supra</strong></span> <span class='ocrx_word' id='word_1_541' title='bbox 1087 4422 1105 4460; x_wconf 87' lang='lat' dir='ltr'><strong>a</strong></span> <span class='ocrx_word' id='word_1_542' title='bbox 1142 4422 1167 4460; x_wconf 81' lang='lat' dir='ltr'><strong>v.</strong></span> <span class='ocrx_word' id='word_1_543' title='bbox 1185 4410 1244 4463; x_wconf 80' lang='grc'><strong>609.</strong></span> <span class='ocrx_word' id='word_1_544' title='bbox 1261 4409 1290 4462; x_wconf 88' lang='lat' dir='ltr'><strong>et</strong></span> <span class='ocrx_word' id='word_1_545' title='bbox 1305 4402 1334 4464; x_wconf 73' lang='lat' dir='ltr'><strong>ll,</strong></span> 
     </span>
     <span class='ocr_line' id='line_1_54' title="bbox 174 4472 1335 4544; baseline 0.001 -22"><span class='ocrx_word' id='word_1_546' title='bbox 174 4475 228 4524; x_wconf 80' lang='grc'><strong>127.</strong></span> <span class='ocrx_word' id='word_1_547' title='bbox 248 4505 280 4511; x_wconf 39' lang='lat' dir='ltr'><strong>a-</strong></span> <span class='ocrx_word' id='word_1_548' title='bbox 297 4473 338 4525; x_wconf 90' lang='lat' dir='ltr'><strong>Dc</strong></span> <span class='ocrx_word' id='word_1_549' title='bbox 358 4475 525 4543; x_wconf 65' lang='lat' dir='ltr'><strong>Erymantho</strong></span> <span class='ocrx_word' id='word_1_550' title='bbox 554 4491 568 4526; x_wconf 93' lang='lat' dir='ltr'><strong>o</strong></span> <span class='ocrx_word' id='word_1_551' title='bbox 590 4474 658 4528; x_wconf 84' lang='lat' dir='ltr'><strong>‘inus</strong></span> <span class='ocrx_word' id='word_1_552' title='bbox 683 4491 765 4544; x_wconf 90' lang='lat' dir='ltr'><strong>supra</strong></span> <span class='ocrx_word' id='word_1_553' title='bbox 787 4476 821 4529; x_wconf 90' lang='lat' dir='ltr'><strong>ad</strong></span> <span class='ocrx_word' id='word_1_554' title='bbox 840 4475 872 4541; x_wconf 83' lang='lat' dir='ltr'><strong>V,</strong></span> <span class='ocrx_word' id='word_1_555' title='bbox 894 4479 952 4529; x_wconf 75' lang='lat'><strong>448.</strong></span> <span class='ocrx_word' id='word_1_556' title='bbox 971 4505 1004 4513; x_wconf 82' lang='lat'><em>-</em></span> <span class='ocrx_word' id='word_1_557' title='bbox 1023 4472 1089 4534; x_wconf 79' lang='lat'><strong>803.</strong></span> <span class='ocrx_word' id='word_1_558' title='bbox 1120 4474 1265 4529; x_wconf 80' lang='lat' dir='ltr'><strong>Pacorit</strong></span> <span class='ocrx_word' id='word_1_559' title='bbox 1290 4488 1335 4526; x_wconf 81' lang='lat' dir='ltr'><strong>as·</strong></span> 
     </span>
     <span class='ocr_line' id='line_1_55' title="bbox 169 4538 1335 4607; baseline 0.001 -17"><span class='ocrx_word' id='word_1_560' title='bbox 169 4555 276 4603; x_wconf 84' lang='lat' dir='ltr'><strong>moro,</strong></span> <span class='ocrx_word' id='word_1_561' title='bbox 295 4556 360 4607; x_wconf 91' lang='lat' dir='ltr'><strong>apro</strong></span> <span class='ocrx_word' id='word_1_562' title='bbox 378 4542 471 4597; x_wconf 90' lang='lat' dir='ltr'><strong>occiso.</strong></span> <span class='ocrx_word' id='word_1_563' title='bbox 506 4543 550 4595; x_wconf 84' lang='lat' dir='ltr'><strong>Sic</strong></span> <span class='ocrx_word' id='word_1_564' title='bbox 591 4542 645 4595; x_wconf 82' lang='lat' dir='ltr'><strong>vid.</strong></span> <span class='ocrx_word' id='word_1_565' title='bbox 664 4542 728 4597; x_wconf 85' lang='lat' dir='ltr'><strong>hiet.</strong></span> <span class='ocrx_word' id='word_1_566' title='bbox 748 4543 807 4607; x_wconf 82' lang='lat' dir='ltr'><strong>Vll,</strong></span> <span class='ocrx_word' id='word_1_567' title='bbox 827 4547 883 4596; x_wconf 77' lang='lat'>405.</span> <span class='ocrx_word' id='word_1_568' title='bbox 904 4543 1028 4605; x_wconf 78' lang='lat' dir='ltr'><strong>Theseus,</strong></span> <span class='ocrx_word' id='word_1_569' title='bbox 1048 4541 1104 4600; x_wconf 78' lang='lat' dir='ltr'><strong>Qui</strong></span> <span class='ocrx_word' id='word_1_570' title='bbox 1120 4542 1222 4596; x_wconf 59' lang='lat' dir='ltr'><strong>mimo</strong></span> <span class='ocrx_word' id='word_1_571' title='bbox 1238 4559 1288 4596; x_wconf 74' lang='lat' dir='ltr'><strong>m</strong></span> <span class='ocrx_word' id='word_1_572' title='bbox 1304 4538 1335 4591; x_wconf 75' lang='lat' dir='ltr'><strong>li</strong></span> 
     </span>
    </p>
   </div>
   <div class='ocr_carea' id='block_1_6' title="bbox 0 0 1396 4958">
    <p class='ocr_par' dir='ltr' id='par_1_7' title="bbox 0 0 1396 4958">
     <span class='ocr_line' id='line_1_56' title="bbox 0 0 1396 4958; baseline 0 0"><span class='ocrx_word' id='word_1_573' title='bbox 0 0 1396 4958; x_wconf 95' lang='lat' dir='ltr'><strong> </strong></span> 
     </span>
    </p>
   </div>
   <div class='ocr_carea' id='block_1_7' title="bbox 1388 0 1392 683">
    <p class='ocr_par' dir='ltr' id='par_1_8' title="bbox 1388 0 1392 683">
     <span class='ocr_line' id='line_1_57' title="bbox 1388 0 1392 683; baseline 0 0"><span class='ocrx_word' id='word_1_574' title='bbox 1388 0 1392 683; x_wconf 95' lang='lat' dir='ltr'><strong> </strong></span> 
     </span>
    </p>
   </div>
  </div>
 </body>
</html>
