<?xml version="1.0" encoding="UTF-8"?>
<!DOCTYPE html PUBLIC "-//W3C//DTD XHTML 1.0 Transitional//EN"
    "http://www.w3.org/TR/xhtml1/DTD/xhtml1-transitional.dtd">
<html xmlns="http://www.w3.org/1999/xhtml" xml:lang="en" lang="en">
 <head>
  <title>
</title>
<meta http-equiv="Content-Type" content="text/html;charset=utf-8" />
  <meta name='ocr-system' content='tesseract 3.04.00' />
  <meta name='ocr-capabilities' content='ocr_page ocr_carea ocr_par ocr_line ocrx_word'/>
</head>
<body>
  <div class='ocr_page' id='page_1' title='image "./opera06virggoog_0642.png"; bbox 0 0 2858 4964; ppageno 0'>
   <div class='ocr_carea' id='block_1_1' title="bbox 175 248 994 319">
    <p class='ocr_par' dir='ltr' id='par_1_1' title="bbox 175 248 994 319">
     <span class='ocr_line' id='line_1_1' title="bbox 175 248 994 319; baseline -0.005 -1"><span class='ocrx_word' id='word_1_1' title='bbox 175 255 236 319; x_wconf 84' lang='lat'>630</span> <span class='ocrx_word' id='word_1_2' title='bbox 531 250 567 315; x_wconf 91' lang='lat' dir='ltr'>P.</span> <span class='ocrx_word' id='word_1_3' title='bbox 590 248 775 312; x_wconf 81' lang='lat' dir='ltr'>VERGILI</span> <span class='ocrx_word' id='word_1_4' title='bbox 796 248 994 314; x_wconf 85' lang='lat' dir='ltr'>MARONIS</span> 
     </span>
    </p>
   </div>
   <div class='ocr_carea' id='block_1_2' title="bbox 175 411 1084 913">
    <p class='ocr_par' dir='ltr' id='par_1_2' title="bbox 175 411 985 496">
     <span class='ocr_line' id='line_1_2' title="bbox 175 411 985 496; baseline -0.001 -17"><span class='ocrx_word' id='word_1_5' title='bbox 175 417 258 481; x_wconf 84' lang='lat' dir='ltr'>Visa</span> <span class='ocrx_word' id='word_1_6' title='bbox 279 415 381 480; x_wconf 87' lang='lat' dir='ltr'>maris</span> <span class='ocrx_word' id='word_1_7' title='bbox 402 415 503 479; x_wconf 86' lang='lat' dir='ltr'>facies</span> <span class='ocrx_word' id='word_1_8' title='bbox 526 424 557 478; x_wconf 91' lang='lat' dir='ltr'>et</span> <span class='ocrx_word' id='word_1_9' title='bbox 579 436 643 477; x_wconf 92' lang='lat' dir='ltr'>non</span> <span class='ocrx_word' id='word_1_10' title='bbox 664 411 835 476; x_wconf 83' lang='lat' dir='ltr'><strong>tolerabile</strong></span> <span class='ocrx_word' id='word_1_11' title='bbox 857 437 985 496; x_wconf 87' lang='lat' dir='ltr'>numen,</span> 
     </span>
    </p>

    <p class='ocr_par' dir='ltr' id='par_1_3' title="bbox 175 495 1035 660">
     <span class='ocr_line' id='line_1_3' title="bbox 175 495 1035 641; baseline -0.001 -79"><span class='ocrx_word' id='word_1_12' title='bbox 175 498 228 562; x_wconf 90' lang='lat' dir='ltr'>Ire</span> <span class='ocrx_word' id='word_1_13' title='bbox 248 496 362 562; x_wconf 89' lang='lat' dir='ltr'>volunt</span> <span class='ocrx_word' id='word_1_14' title='bbox 382 518 573 584; x_wconf 89' lang='lat' dir='ltr'>omnemque</span> <span class='ocrx_word' id='word_1_15' title='bbox 594 496 693 594; x_wconf 79' lang='lat' dir='ltr'>fugae</span> <span class='ocrx_word' id='word_1_16' title='bbox 714 495 860 641; x_wconf 62' lang='lat' dir='ltr'>perferre</span> <span class='ocrx_word' id='word_1_17' title='bbox 881 496 1035 562; x_wconf 89' lang='lat' dir='ltr'>laborem.</span> 
     </span>
     <span class='ocr_line' id='line_1_4' title="bbox 178 578 945 660; baseline -0.001 -16"><span class='ocrx_word' id='word_1_18' title='bbox 178 580 269 660; x_wconf 84' lang='lat' dir='ltr'>Quos</span> <span class='ocrx_word' id='word_1_19' title='bbox 290 578 393 645; x_wconf 91' lang='lat' dir='ltr'>bonus</span> <span class='ocrx_word' id='word_1_20' title='bbox 414 579 544 644; x_wconf 81' lang='lat' dir='ltr'><strong>Aeneas</strong></span> <span class='ocrx_word' id='word_1_21' title='bbox 567 578 663 643; x_wconf 82' lang='lat' dir='ltr'>diotre</span> <span class='ocrx_word' id='word_1_22' title='bbox 686 599 721 641; x_wconf 92' lang='lat' dir='ltr'>so</span> <span class='ocrx_word' id='word_1_23' title='bbox 736 587 809 642; x_wconf 89' lang='lat' dir='ltr'>atur</span> <span class='ocrx_word' id='word_1_24' title='bbox 830 580 945 643; x_wconf 89' lang='lat' dir='ltr'>amicis</span> 
     </span>
    </p>

    <p class='ocr_par' dir='ltr' id='par_1_4' title="bbox 176 660 1084 913">
     <span class='ocr_line' id='line_1_5' title="bbox 176 660 1084 761; baseline -0.001 -34"><span class='ocrx_word' id='word_1_25' title='bbox 176 662 221 727; x_wconf 87' lang='lat' dir='ltr'>Et</span> <span class='ocrx_word' id='word_1_26' title='bbox 243 663 484 761; x_wconf 79' lang='lat' dir='ltr'>consanguineo</span> <span class='ocrx_word' id='word_1_27' title='bbox 504 660 681 726; x_wconf 89' lang='lat' dir='ltr'>lacrimans</span> <span class='ocrx_word' id='word_1_28' title='bbox 704 660 911 726; x_wconf 81' lang='lat' dir='ltr'>commendat</span> <span class='ocrx_word' id='word_1_29' title='bbox 931 661 1084 733; x_wconf 81' lang='lat' dir='ltr'>Acestae.</span> 
     </span>
     <span class='ocr_line' id='line_1_6' title="bbox 176 742 998 842; baseline 0.001 -34"><span class='ocrx_word' id='word_1_30' title='bbox 176 745 252 810; x_wconf 89' lang='lat' dir='ltr'>Tris</span> <span class='ocrx_word' id='word_1_31' title='bbox 273 745 376 832; x_wconf 79' lang='lat' dir='ltr'>Eryci</span> <span class='ocrx_word' id='word_1_32' title='bbox 398 743 515 809; x_wconf 87' lang='lat' dir='ltr'>vitulos</span> <span class='ocrx_word' id='word_1_33' title='bbox 537 754 569 808; x_wconf 90' lang='lat' dir='ltr'>et</span> <span class='ocrx_word' id='word_1_34' title='bbox 591 742 856 842; x_wconf 77' lang='lat' dir='ltr'>Tempestatibus</span> <span class='ocrx_word' id='word_1_35' title='bbox 878 766 998 830; x_wconf 84' lang='lat' dir='ltr'>agnam</span> 
     </span>
     <span class='ocr_line' id='line_1_7' title="bbox 177 826 1084 913; baseline -0.001 -20"><span class='ocrx_word' id='word_1_36' title='bbox 177 827 324 894; x_wconf 83' lang='lat' dir='ltr'>Caedere</span> <span class='ocrx_word' id='word_1_37' title='bbox 346 827 464 893; x_wconf 89' lang='lat' dir='ltr'>deinde</span> <span class='ocrx_word' id='word_1_38' title='bbox 485 827 575 892; x_wconf 90' lang='lat' dir='ltr'>iubet</span> <span class='ocrx_word' id='word_1_39' title='bbox 598 826 744 913; x_wconf 84' lang='lat' dir='ltr'>solvrque</span> <span class='ocrx_word' id='word_1_40' title='bbox 765 849 806 890; x_wconf 82' lang='lat' dir='ltr'>ex</span> <span class='ocrx_word' id='word_1_41' title='bbox 829 826 943 892; x_wconf 89' lang='lat' dir='ltr'>ordine</span> <span class='ocrx_word' id='word_1_42' title='bbox 965 827 1084 893; x_wconf 86' lang='lat' dir='ltr'>funem.</span> 
     </span>
    </p>
   </div>
   <div class='ocr_carea' id='block_1_3' title="bbox 176 1015 384 1023">
    <p class='ocr_par' dir='ltr' id='par_1_5' title="bbox 176 1015 384 1023">
     <span class='ocr_line' id='line_1_8' title="bbox 176 1015 384 1023; baseline 0.005 -2"><span class='ocrx_word' id='word_1_43' title='bbox 176 1015 384 1023; x_wconf 74' lang='lat'>...-—-—-..</span> 
     </span>
    </p>
   </div>
   <div class='ocr_carea' id='block_1_4' title="bbox 57 1140 1360 2840">
    <p class='ocr_par' dir='ltr' id='par_1_6' title="bbox 57 1140 1360 2417">
     <span class='ocr_line' id='line_1_9' title="bbox 176 1140 1360 1213; baseline 0.002 -17"><span class='ocrx_word' id='word_1_44' title='bbox 176 1144 191 1197; x_wconf 91' lang='lat' dir='ltr'>i.</span> <span class='ocrx_word' id='word_1_45' title='bbox 211 1159 234 1196; x_wconf 90' lang='lat' dir='ltr'>c.</span> <span class='ocrx_word' id='word_1_46' title='bbox 253 1141 400 1197; x_wconf 89' lang='lat' dir='ltr'>secundum</span> <span class='ocrx_word' id='word_1_47' title='bbox 417 1142 502 1211; x_wconf 74' lang='lat' dir='ltr'>Heyn.</span> <span class='ocrx_word' id='word_1_48' title='bbox 521 1144 572 1206; x_wconf 89' lang='lat' dir='ltr'>„ut</span> <span class='ocrx_word' id='word_1_49' title='bbox 590 1158 624 1195; x_wconf 92' lang='lat' dir='ltr'>ne</span> <span class='ocrx_word' id='word_1_50' title='bbox 642 1140 739 1194; x_wconf 87' lang='lat' dir='ltr'>auditu</span> <span class='ocrx_word' id='word_1_51' title='bbox 757 1140 865 1211; x_wconf 87' lang='lat' dir='ltr'>quidem</span> <span class='ocrx_word' id='word_1_52' title='bbox 883 1141 1023 1197; x_wconf 83' lang='lat' dir='ltr'>tolerabile</span> <span class='ocrx_word' id='word_1_53' title='bbox 1046 1143 1151 1207; x_wconf 86' lang='lat' dir='ltr'>esset;“</span> <span class='ocrx_word' id='word_1_54' title='bbox 1184 1143 1360 1213; x_wconf 85' lang='lat' dir='ltr'>quemadmo-</span> 
     </span>
     <span class='ocr_line' id='line_1_10' title="bbox 176 1207 1359 1266; baseline 0.002 -2"><span class='ocrx_word' id='word_1_55' title='bbox 176 1210 241 1264; x_wconf 89' lang='lat' dir='ltr'>dum</span> <span class='ocrx_word' id='word_1_56' title='bbox 270 1226 318 1264; x_wconf 90' lang='lat' dir='ltr'>uos</span> <span class='ocrx_word' id='word_1_57' title='bbox 345 1209 474 1264; x_wconf 88' lang='lat' dir='ltr'>dicimus:</span> <span class='ocrx_word' id='word_1_58' title='bbox 501 1209 549 1263; x_wconf 80' lang='lat' dir='ltr'>die</span> <span class='ocrx_word' id='word_1_59' title='bbox 570 1227 633 1263; x_wconf 86' lang='lat' dir='ltr'>vom</span> <span class='ocrx_word' id='word_1_60' title='bbox 651 1211 743 1262; x_wconf 83' lang='lat' dir='ltr'>Meere</span> <span class='ocrx_word' id='word_1_61' title='bbox 759 1207 847 1262; x_wconf 76' lang='lat' dir='ltr'>ciebis</span> <span class='ocrx_word' id='word_1_62' title='bbox 863 1210 956 1264; x_wconf 80' lang='lat' dir='ltr'>hutten</span> <span class='ocrx_word' id='word_1_63' title='bbox 972 1210 1051 1264; x_wconf 77' lang='lat' dir='ltr'>seben</span> <span class='ocrx_word' id='word_1_64' title='bbox 1067 1210 1129 1263; x_wconf 79' lang='lat' dir='ltr'>und</span> <span class='ocrx_word' id='word_1_65' title='bbox 1145 1210 1238 1264; x_wconf 71' lang='lat' dir='ltr'>torm</span> <span class='ocrx_word' id='word_1_66' title='bbox 1254 1211 1359 1266; x_wconf 63' lang='lat' dir='ltr'>wellen</span> 
     </span>
     <span class='ocr_line' id='line_1_11' title="bbox 175 1274 1358 1356; baseline 0.002 -25"><span class='ocrx_word' id='word_1_67' title='bbox 175 1279 253 1332; x_wconf 84' lang='lat' dir='ltr'>Hane</span> <span class='ocrx_word' id='word_1_68' title='bbox 279 1281 371 1332; x_wconf 90' lang='lat' dir='ltr'>tamen</span> <span class='ocrx_word' id='word_1_69' title='bbox 396 1276 548 1338; x_wconf 84' lang='lat' dir='ltr'>lectionem,</span> <span class='ocrx_word' id='word_1_70' title='bbox 568 1277 602 1330; x_wconf 89' lang='lat' dir='ltr'>ab</span> <span class='ocrx_word' id='word_1_71' title='bbox 621 1274 732 1329; x_wconf 81' lang='lat' dir='ltr'>Heinsio</span> <span class='ocrx_word' id='word_1_72' title='bbox 757 1276 922 1341; x_wconf 85' lang='lat' dir='ltr'>restitutam,</span> <span class='ocrx_word' id='word_1_73' title='bbox 942 1277 976 1331; x_wconf 88' lang='lat' dir='ltr'>ab</span> <span class='ocrx_word' id='word_1_74' title='bbox 994 1276 1098 1356; x_wconf 72' lang='lat' dir='ltr'>Heynio</span> <span class='ocrx_word' id='word_1_75' title='bbox 1117 1279 1262 1333; x_wconf 79' lang='lat' dir='ltr'>servatam</span> <span class='ocrx_word' id='word_1_76' title='bbox 1281 1279 1358 1334; x_wconf 84' lang='lat' dir='ltr'>stab</span> 
     </span>
     <span class='ocr_line' id='line_1_12' title="bbox 174 1343 1358 1464; baseline 0.001 -65"><span class='ocrx_word' id='word_1_77' title='bbox 174 1345 270 1399; x_wconf 86' lang='lat' dir='ltr'>Iahnio</span> <span class='ocrx_word' id='word_1_78' title='bbox 300 1343 460 1408; x_wconf 77' lang='lat' dir='ltr'>odiloni,</span> <span class='ocrx_word' id='word_1_79' title='bbox 491 1347 515 1397; x_wconf 85' lang='grc'>8.</span> <span class='ocrx_word' id='word_1_80' title='bbox 540 1360 566 1412; x_wconf 91' lang='lat' dir='ltr'>p.</span> <span class='ocrx_word' id='word_1_81' title='bbox 585 1346 635 1396; x_wconf 80' lang='lat'>4³5</span> <span class='ocrx_word' id='word_1_82' title='bbox 657 1359 697 1464; x_wconf 48' lang='lat' dir='ltr'>sqt.</span> <span class='ocrx_word' id='word_1_83' title='bbox 720 1343 761 1396; x_wconf 89' lang='lat' dir='ltr'>ed.</span> <span class='ocrx_word' id='word_1_84' title='bbox 779 1343 815 1397; x_wconf 92' lang='lat' dir='ltr'>II.</span> <span class='ocrx_word' id='word_1_85' title='bbox 848 1343 942 1398; x_wconf 88' lang='lat' dir='ltr'>multis</span> <span class='ocrx_word' id='word_1_86' title='bbox 971 1345 1060 1398; x_wconf 77' lang='lat' dir='ltr'>verbis</span> <span class='ocrx_word' id='word_1_87' title='bbox 1089 1343 1246 1409; x_wconf 85' lang='lat' dir='ltr'>defensam,</span> <span class='ocrx_word' id='word_1_88' title='bbox 1279 1347 1358 1400; x_wconf 87' lang='lat' dir='ltr'>etism</span> 
     </span>
     <span class='ocr_line' id='line_1_13' title="bbox 175 1410 1358 1491; baseline 0.002 -25"><span class='ocrx_word' id='word_1_89' title='bbox 175 1411 312 1467; x_wconf 87' lang='lat' dir='ltr'>Dietschio</span> <span class='ocrx_word' id='word_1_90' title='bbox 331 1411 423 1466; x_wconf 89' lang='lat' dir='ltr'>Theol.</span> <span class='ocrx_word' id='word_1_91' title='bbox 440 1411 522 1479; x_wconf 87' lang='lat' dir='ltr'>Verg.</span> <span class='ocrx_word' id='word_1_92' title='bbox 550 1426 576 1478; x_wconf 89' lang='lat' dir='ltr'>p.</span> <span class='ocrx_word' id='word_1_93' title='bbox 598 1413 636 1464; x_wconf 93' lang='grc'>11.</span> <span class='ocrx_word' id='word_1_94' title='bbox 665 1427 679 1464; x_wconf 90' lang='lat' dir='ltr'>e</span> <span class='ocrx_word' id='word_1_95' title='bbox 717 1411 791 1480; x_wconf 90' lang='lat' dir='ltr'>prins</span> <span class='ocrx_word' id='word_1_96' title='bbox 810 1412 883 1464; x_wconf 88' lang='lat' dir='ltr'>certe</span> <span class='ocrx_word' id='word_1_97' title='bbox 902 1410 1054 1480; x_wconf 83' lang='lat' dir='ltr'>Ladewigio</span> <span class='ocrx_word' id='word_1_98' title='bbox 1070 1413 1220 1491; x_wconf 83' lang='lat' dir='ltr'>probatam</span> <span class='ocrx_word' id='word_1_99' title='bbox 1241 1414 1300 1482; x_wconf 90' lang='lat' dir='ltr'>(qni</span> <span class='ocrx_word' id='word_1_100' title='bbox 1317 1417 1358 1467; x_wconf 84' lang='lat' dir='ltr'>ta·</span> 
     </span>
     <span class='ocr_line' id='line_1_14' title="bbox 176 1476 1357 1550; baseline 0.002 -17"><span class='ocrx_word' id='word_1_101' title='bbox 176 1496 236 1534; x_wconf 91' lang='lat' dir='ltr'>men</span> <span class='ocrx_word' id='word_1_102' title='bbox 255 1480 282 1533; x_wconf 81' lang='lat' dir='ltr'>ln</span> <span class='ocrx_word' id='word_1_103' title='bbox 302 1479 438 1534; x_wconf 84' lang='lat' dir='ltr'>recentiss.</span> <span class='ocrx_word' id='word_1_104' title='bbox 455 1477 496 1532; x_wconf 90' lang='lat' dir='ltr'>ed.</span> <span class='ocrx_word' id='word_1_105' title='bbox 516 1478 551 1531; x_wconf 87' lang='lat' dir='ltr'>ad</span> <span class='ocrx_word' id='word_1_106' title='bbox 569 1476 684 1531; x_wconf 89' lang='lat' dir='ltr'>alteram</span> <span class='ocrx_word' id='word_1_107' title='bbox 702 1477 844 1532; x_wconf 90' lang='lat' dir='ltr'>lectionem</span> <span class='ocrx_word' id='word_1_108' title='bbox 872 1478 963 1543; x_wconf 86' lang='lat' dir='ltr'>rediit)</span> <span class='ocrx_word' id='word_1_109' title='bbox 983 1495 1035 1532; x_wconf 89' lang='lat' dir='ltr'>non</span> <span class='ocrx_word' id='word_1_110' title='bbox 1052 1479 1107 1532; x_wconf 78' lang='lat' dir='ltr'>nisi</span> <span class='ocrx_word' id='word_1_111' title='bbox 1122 1479 1197 1535; x_wconf 81' lang='lat' dir='ltr'>Med.</span> <span class='ocrx_word' id='word_1_112' title='bbox 1217 1496 1235 1534; x_wconf 89' lang='lat' dir='ltr'>a</span> <span class='ocrx_word' id='word_1_113' title='bbox 1252 1497 1290 1535; x_wconf 90' lang='lat' dir='ltr'>m.</span> <span class='ocrx_word' id='word_1_114' title='bbox 1309 1498 1357 1550; x_wconf 82' lang='lat' dir='ltr'>pr,</span> 
     </span>
     <span class='ocr_line' id='line_1_15' title="bbox 175 1544 1354 1625; baseline 0.002 -24"><span class='ocrx_word' id='word_1_115' title='bbox 175 1547 233 1601; x_wconf 87' lang='lat' dir='ltr'>Pal.</span> <span class='ocrx_word' id='word_1_116' title='bbox 254 1550 280 1600; x_wconf 93' lang='lat' dir='ltr'>et</span> <span class='ocrx_word' id='word_1_117' title='bbox 300 1547 403 1600; x_wconf 89' lang='lat' dir='ltr'>Nonius</span> <span class='ocrx_word' id='word_1_118' title='bbox 420 1564 447 1615; x_wconf 89' lang='lat' dir='ltr'>p.</span> <span class='ocrx_word' id='word_1_119' title='bbox 460 1550 517 1609; x_wconf 87' lang='grc'><strong>301,</strong></span> <span class='ocrx_word' id='word_1_120' title='bbox 532 1549 573 1599; x_wconf 83' lang='lat'>³0.</span> <span class='ocrx_word' id='word_1_121' title='bbox 590 1545 694 1599; x_wconf 83' lang='lat' dir='ltr'>invent.</span> <span class='ocrx_word' id='word_1_122' title='bbox 712 1545 818 1625; x_wconf 77' lang='lat' dir='ltr'>Reliqui</span> <span class='ocrx_word' id='word_1_123' title='bbox 841 1544 905 1600; x_wconf 85' lang='lat' dir='ltr'>libn&#39;</span> <span class='ocrx_word' id='word_1_124' title='bbox 923 1549 1032 1600; x_wconf 91' lang='lat' dir='ltr'>tantum</span> <span class='ocrx_word' id='word_1_125' title='bbox 1051 1562 1103 1599; x_wconf 92' lang='lat' dir='ltr'>non</span> <span class='ocrx_word' id='word_1_126' title='bbox 1122 1563 1221 1603; x_wconf 86' lang='lat' dir='ltr'>omnes</span> <span class='ocrx_word' id='word_1_127' title='bbox 1238 1550 1268 1602; x_wconf 90' lang='lat' dir='ltr'>et</span> <span class='ocrx_word' id='word_1_128' title='bbox 1286 1549 1354 1603; x_wconf 80' lang='lat' dir='ltr'>Serv.</span> 
     </span>
     <span class='ocr_line' id='line_1_16' title="bbox 174 1612 1355 1685; baseline 0.001 -16"><span class='ocrx_word' id='word_1_129' title='bbox 174 1615 209 1669; x_wconf 87' lang='lat' dir='ltr'>ad</span> <span class='ocrx_word' id='word_1_130' title='bbox 228 1615 292 1669; x_wconf 80' lang='lat' dir='ltr'>Aen.</span> <span class='ocrx_word' id='word_1_131' title='bbox 310 1615 354 1681; x_wconf 91' lang='lat' dir='ltr'>Vl,</span> <span class='ocrx_word' id='word_1_132' title='bbox 374 1617 430 1667; x_wconf 82' lang='grc'>560.</span> <span class='ocrx_word' id='word_1_133' title='bbox 450 1631 545 1666; x_wconf 81' lang='lat' dir='ltr'>numen</span> <span class='ocrx_word' id='word_1_134' title='bbox 563 1612 698 1679; x_wconf 81' lang='lat' dir='ltr'>exhibent,</span> <span class='ocrx_word' id='word_1_135' title='bbox 717 1612 902 1682; x_wconf 82' lang='lat' dir='ltr'>panc1lumeo</span> <span class='ocrx_word' id='word_1_136' title='bbox 921 1616 970 1667; x_wconf 92' lang='lat' dir='ltr'>aut</span> <span class='ocrx_word' id='word_1_137' title='bbox 987 1615 1108 1683; x_wconf 64' lang='lat' dir='ltr'>cocleam</span> <span class='ocrx_word' id='word_1_138' title='bbox 1127 1631 1247 1685; x_wconf 86' lang='lat' dir='ltr'>quarum</span> <span class='ocrx_word' id='word_1_139' title='bbox 1267 1615 1355 1670; x_wconf 89' lang='lat' dir='ltr'>lectio·</span> 
     </span>
     <span class='ocr_line' id='line_1_17' title="bbox 174 1680 1354 1752; baseline 0.003 -18"><span class='ocrx_word' id='word_1_140' title='bbox 174 1698 240 1736; x_wconf 90' lang='lat' dir='ltr'>num</span> <span class='ocrx_word' id='word_1_141' title='bbox 267 1681 355 1736; x_wconf 86' lang='lat' dir='ltr'>altera</span> <span class='ocrx_word' id='word_1_142' title='bbox 380 1697 410 1734; x_wconf 85' lang='lat' dir='ltr'>ex</span> <span class='ocrx_word' id='word_1_143' title='bbox 439 1681 526 1750; x_wconf 88' lang='lat' dir='ltr'>prima</span> <span class='ocrx_word' id='word_1_144' title='bbox 553 1684 689 1748; x_wconf 87' lang='lat' dir='ltr'>corrupta,</span> <span class='ocrx_word' id='word_1_145' title='bbox 717 1680 816 1733; x_wconf 90' lang='lat' dir='ltr'>ultima</span> <span class='ocrx_word' id='word_1_146' title='bbox 838 1682 930 1735; x_wconf 86' lang='lat' dir='ltr'>autern</span> <span class='ocrx_word' id='word_1_147' title='bbox 950 1680 1063 1735; x_wconf 85' lang='lat' dir='ltr'>alterius</span> <span class='ocrx_word' id='word_1_148' title='bbox 1081 1682 1354 1752; x_wconf 82' lang='lat' dir='ltr'>interpretamentum</span> 
     </span>
     <span class='ocr_line' id='line_1_18' title="bbox 174 1746 1354 1820; baseline 0.003 -19"><span class='ocrx_word' id='word_1_149' title='bbox 174 1748 290 1802; x_wconf 80' lang='lat' dir='ltr'>videtur.</span> <span class='ocrx_word' id='word_1_150' title='bbox 320 1748 394 1814; x_wconf 82' lang='lat' dir='ltr'>Quae</span> <span class='ocrx_word' id='word_1_151' title='bbox 412 1747 495 1802; x_wconf 81' lang='lat' dir='ltr'>Codd.</span> <span class='ocrx_word' id='word_1_152' title='bbox 514 1748 661 1801; x_wconf 87' lang='lat' dir='ltr'>auctoritas</span> <span class='ocrx_word' id='word_1_153' title='bbox 678 1764 720 1802; x_wconf 88' lang='lat' dir='ltr'>me</span> <span class='ocrx_word' id='word_1_154' title='bbox 739 1746 832 1813; x_wconf 85' lang='lat' dir='ltr'>movit,</span> <span class='ocrx_word' id='word_1_155' title='bbox 852 1750 884 1802; x_wconf 91' lang='lat' dir='ltr'>ut</span> <span class='ocrx_word' id='word_1_156' title='bbox 898 1748 1001 1816; x_wconf 86' lang='lat' dir='ltr'>Burm,</span> <span class='ocrx_word' id='word_1_157' title='bbox 1020 1748 1124 1803; x_wconf 87' lang='lat' dir='ltr'>Wakef.</span> <span class='ocrx_word' id='word_1_158' title='bbox 1143 1752 1173 1803; x_wconf 90' lang='lat' dir='ltr'>et</span> <span class='ocrx_word' id='word_1_159' title='bbox 1192 1751 1354 1820; x_wconf 87' lang='lat' dir='ltr'>Wagnernm</span> 
     </span>
     <span class='ocr_line' id='line_1_19' title="bbox 174 1813 1353 1896; baseline 0.003 -27"><span class='ocrx_word' id='word_1_160' title='bbox 174 1816 202 1869; x_wconf 93' lang='lat' dir='ltr'>in</span> <span class='ocrx_word' id='word_1_161' title='bbox 221 1815 335 1871; x_wconf 90' lang='lat' dir='ltr'>lectione</span> <span class='ocrx_word' id='word_1_162' title='bbox 353 1832 457 1883; x_wconf 79' lang='lat' dir='ltr'>namen,</span> <span class='ocrx_word' id='word_1_163' title='bbox 477 1818 616 1885; x_wconf 90' lang='lat' dir='ltr'>tamquam</span> <span class='ocrx_word' id='word_1_164' title='bbox 634 1813 784 1894; x_wconf 84' lang='lat' dir='ltr'>difficiliore</span> <span class='ocrx_word' id='word_1_165' title='bbox 803 1818 830 1868; x_wconf 91' lang='lat' dir='ltr'>et</span> <span class='ocrx_word' id='word_1_166' title='bbox 848 1815 935 1884; x_wconf 84' lang='lat' dir='ltr'>magis</span> <span class='ocrx_word' id='word_1_167' title='bbox 950 1816 1247 1896; x_wconf 52' lang='lat' dir='ltr'>poeticayecipienda</span> <span class='ocrx_word' id='word_1_168' title='bbox 1265 1835 1353 1888; x_wconf 85' lang='lat' dir='ltr'>seque·</span> 
     </span>
     <span class='ocr_line' id='line_1_20' title="bbox 172 1881 1352 2030; baseline 0.002 -26"><span class='ocrx_word' id='word_1_169' title='bbox 172 1885 488 2017; x_wconf 64' lang='lat' dir='ltr'>ittttttt‘ttttt</span> <span class='ocrx_word' id='word_1_170' title='bbox 502 1881 1125 2030; x_wconf 49' lang='lat' dir='ltr'>tietuini?itttttttttltttte</span> <span class='ocrx_word' id='word_1_171' title='bbox 1136 1886 1352 2008; x_wconf 63' lang='grc'>11111111</span> 
     </span>
     <span class='ocr_line' id='line_1_21' title="bbox 172 2017 1352 2091; baseline 0.004 -20"><span class='ocrx_word' id='word_1_172' title='bbox 172 2020 282 2077; x_wconf 85' lang='lat' dir='ltr'>straret.</span> <span class='ocrx_word' id='word_1_173' title='bbox 318 2019 370 2085; x_wconf 84' lang='lat' dir='ltr'>(cf.</span> <span class='ocrx_word' id='word_1_174' title='bbox 389 2035 413 2072; x_wconf 83' lang='lat' dir='ltr'>v.</span> <span class='ocrx_word' id='word_1_175' title='bbox 432 2035 453 2074; x_wconf 89' lang='lat' dir='ltr'>c.</span> <span class='ocrx_word' id='word_1_176' title='bbox 473 2033 555 2086; x_wconf 87' lang='lat' dir='ltr'>supra</span> <span class='ocrx_word' id='word_1_177' title='bbox 572 2017 609 2082; x_wconf 95' lang='grc' dir='ltr'>ΙΙ,</span> <span class='ocrx_word' id='word_1_178' title='bbox 641 2020 696 2070; x_wconf 79' lang='grc'><strong>151.</strong></span> <span class='ocrx_word' id='word_1_179' title='bbox 724 2019 752 2070; x_wconf 89' lang='lat' dir='ltr'>et</span> <span class='ocrx_word' id='word_1_180' title='bbox 780 2017 881 2072; x_wconf 75' lang='lat' dir='ltr'>slmiles</span> <span class='ocrx_word' id='word_1_181' title='bbox 898 2018 979 2083; x_wconf 84' lang='lat' dir='ltr'>locos,</span> <span class='ocrx_word' id='word_1_182' title='bbox 1010 2019 1117 2088; x_wconf 84' lang='lat' dir='ltr'>quibus,</span> <span class='ocrx_word' id='word_1_183' title='bbox 1146 2019 1269 2075; x_wconf 79' lang='lat' dir='ltr'>sortasse</span> <span class='ocrx_word' id='word_1_184' title='bbox 1296 2022 1352 2091; x_wconf 81' lang='lat' dir='ltr'>quia</span> 
     </span>
     <span class='ocr_line' id='line_1_22' title="bbox 172 2084 1352 2163; baseline 0.003 -23"><span class='ocrx_word' id='word_1_185' title='bbox 172 2086 295 2141; x_wconf 90' lang='lat' dir='ltr'>Dietsch.</span> <span class='ocrx_word' id='word_1_186' title='bbox 316 2086 336 2139; x_wconf 85' lang='lat'>1.</span> <span class='ocrx_word' id='word_1_187' title='bbox 355 2085 372 2139; x_wconf 95' lang='lat' dir='ltr'>l.</span> <span class='ocrx_word' id='word_1_188' title='bbox 392 2087 545 2155; x_wconf 80' lang='lat' dir='ltr'>negaverat,</span> <span class='ocrx_word' id='word_1_189' title='bbox 565 2100 639 2137; x_wconf 90' lang='lat' dir='ltr'>mare</span> <span class='ocrx_word' id='word_1_190' title='bbox 658 2084 747 2163; x_wconf 85' lang='lat' dir='ltr'>ipsum</span> <span class='ocrx_word' id='word_1_191' title='bbox 765 2101 884 2154; x_wconf 88' lang='lat' dir='ltr'>unquam</span> <span class='ocrx_word' id='word_1_192' title='bbox 905 2102 953 2154; x_wconf 90' lang='lat' dir='ltr'>pro</span> <span class='ocrx_word' id='word_1_193' title='bbox 972 2085 1021 2140; x_wconf 90' lang='lat' dir='ltr'>deo</span> <span class='ocrx_word' id='word_1_194' title='bbox 1038 2085 1174 2148; x_wconf 78' lang='lat' dir='ltr'>hobitum,</span> <span class='ocrx_word' id='word_1_195' title='bbox 1195 2089 1240 2143; x_wconf 82' lang='lat' dir='ltr'>vel</span> <span class='ocrx_word' id='word_1_196' title='bbox 1258 2105 1352 2143; x_wconf 81' lang='lat' dir='ltr'>numen</span> 
     </span>
     <span class='ocr_line' id='line_1_23' title="bbox 174 2150 1351 2224; baseline 0.002 -18"><span class='ocrx_word' id='word_1_197' title='bbox 174 2170 195 2207; x_wconf 91' lang='lat' dir='ltr'>s.</span> <span class='ocrx_word' id='word_1_198' title='bbox 222 2153 342 2207; x_wconf 82' lang='lat' dir='ltr'>divinam</span> <span class='ocrx_word' id='word_1_199' title='bbox 365 2152 515 2221; x_wconf 86' lang='lat' dir='ltr'>imperandi</span> <span class='ocrx_word' id='word_1_200' title='bbox 532 2151 586 2204; x_wconf 81' lang='lat' dir='ltr'>vim</span> <span class='ocrx_word' id='word_1_201' title='bbox 605 2150 630 2204; x_wconf 91' lang='lat' dir='ltr'>ei</span> <span class='ocrx_word' id='word_1_202' title='bbox 647 2150 811 2206; x_wconf 75' lang='lat' dir='ltr'>vindicatam</span> <span class='ocrx_word' id='word_1_203' title='bbox 830 2169 898 2214; x_wconf 89' lang='lat' dir='ltr'>esse,</span> <span class='ocrx_word' id='word_1_204' title='bbox 927 2152 955 2206; x_wconf 90' lang='lat' dir='ltr'>in</span> <span class='ocrx_word' id='word_1_205' title='bbox 973 2153 1071 2207; x_wconf 89' lang='lat' dir='ltr'>Philol.</span> <span class='ocrx_word' id='word_1_206' title='bbox 1090 2153 1186 2224; x_wconf 89' lang='lat' dir='ltr'>Suppl.</span> <span class='ocrx_word' id='word_1_207' title='bbox 1206 2156 1230 2210; x_wconf 86' lang='grc' dir='ltr'>Ι.</span> <span class='ocrx_word' id='word_1_208' title='bbox 1272 2160 1351 2210; x_wconf 72' lang='grc'>,311</span> 
     </span>
     <span class='ocr_line' id='line_1_24' title="bbox 173 2218 1351 2293; baseline 0.003 -19"><span class='ocrx_word' id='word_1_209' title='bbox 173 2224 280 2289; x_wconf 89' lang='lat' dir='ltr'>praeter</span> <span class='ocrx_word' id='word_1_210' title='bbox 296 2220 385 2273; x_wconf 88' lang='lat' dir='ltr'>locum</span> <span class='ocrx_word' id='word_1_211' title='bbox 404 2220 470 2273; x_wconf 82' lang='lat' dir='ltr'>Aen.</span> <span class='ocrx_word' id='word_1_212' title='bbox 490 2218 552 2285; x_wconf 84' lang='lat' dir='ltr'>XII,</span> <span class='ocrx_word' id='word_1_213' title='bbox 586 2222 650 2281; x_wconf 76' lang='grc'><strong>191,</strong></span> <span class='ocrx_word' id='word_1_214' title='bbox 679 2218 726 2273; x_wconf 90' lang='lat' dir='ltr'>ubi</span> <span class='ocrx_word' id='word_1_215' title='bbox 752 2219 868 2274; x_wconf 90' lang='lat' dir='ltr'>Latinus</span> <span class='ocrx_word' id='word_1_216' title='bbox 887 2237 934 2288; x_wconf 87' lang='lat' dir='ltr'>per</span> <span class='ocrx_word' id='word_1_217' title='bbox 953 2221 1027 2275; x_wconf 82' lang='lat' dir='ltr'>liare</span> <span class='ocrx_word' id='word_1_218' title='bbox 1045 2221 1127 2284; x_wconf 85' lang='lat' dir='ltr'>iurat,</span> <span class='ocrx_word' id='word_1_219' title='bbox 1154 2222 1237 2277; x_wconf 84' lang='lat' dir='ltr'>addit</span> <span class='ocrx_word' id='word_1_220' title='bbox 1283 2225 1351 2293; x_wconf 79' lang='lat' dir='ltr'>ygin.</span> 
     </span>
     <span class='ocr_line' id='line_1_25' title="bbox 173 2285 1351 2357; baseline 0.003 -17"><span class='ocrx_word' id='word_1_221' title='bbox 173 2288 257 2356; x_wconf 85' lang='lat' dir='ltr'>praef.</span> <span class='ocrx_word' id='word_1_222' title='bbox 276 2288 321 2339; x_wconf 75' lang='lat' dir='ltr'>Ec</span> <span class='ocrx_word' id='word_1_223' title='bbox 338 2287 452 2340; x_wconf 80' lang='lat' dir='ltr'>Aethere</span> <span class='ocrx_word' id='word_1_224' title='bbox 471 2295 497 2340; x_wconf 85' lang='lat' dir='ltr'>et</span> <span class='ocrx_word' id='word_1_225' title='bbox 515 2287 573 2339; x_wconf 83' lang='lat' dir='ltr'>Die</span> <span class='ocrx_word' id='word_1_226' title='bbox 590 2285 689 2348; x_wconf 80' lang='lat' dir='ltr'>Terre,</span> <span class='ocrx_word' id='word_1_227' title='bbox 710 2286 830 2350; x_wconf 73' lang='lat' dir='ltr'>Caelum,</span> <span class='ocrx_word' id='word_1_228' title='bbox 850 2291 931 2341; x_wconf 81' lang='lat' dir='ltr'>More</span> <span class='ocrx_word' id='word_1_229' title='bbox 950 2292 977 2342; x_wconf 90' lang='lat' dir='ltr'>et</span> <span class='ocrx_word' id='word_1_230' title='bbox 995 2289 1069 2343; x_wconf 82' lang='lat' dir='ltr'>brevi</span> <span class='ocrx_word' id='word_1_231' title='bbox 1088 2290 1150 2357; x_wconf 88' lang='lat' dir='ltr'>post</span> <span class='ocrx_word' id='word_1_232' title='bbox 1167 2307 1201 2344; x_wconf 77' lang='lat' dir='ltr'>ao</span> <span class='ocrx_word' id='word_1_233' title='bbox 1219 2290 1313 2345; x_wconf 78' lang='lat' dir='ltr'>Ponto</span> <span class='ocrx_word' id='word_1_234' title='bbox 1329 2301 1351 2344; x_wconf 86' lang='lat' dir='ltr'>et</span> 
     </span>
     <span class='ocr_line' id='line_1_26' title="bbox 57 2353 1352 2417; baseline 0.005 -10"><span class='ocrx_word' id='word_1_235' title='bbox 57 2378 62 2387; x_wconf 64' lang='grc'>’</span> <span class='ocrx_word' id='word_1_236' title='bbox 174 2354 256 2407; x_wconf 83' lang='lat' dir='ltr'>Mori</span> <span class='ocrx_word' id='word_1_237' title='bbox 274 2354 456 2417; x_wconf 72' lang='lat' dir='ltr'>Oceanitides,</span> <span class='ocrx_word' id='word_1_238' title='bbox 482 2354 564 2407; x_wconf 90' lang='lat' dir='ltr'>simul</span> <span class='ocrx_word' id='word_1_239' title='bbox 599 2353 660 2408; x_wconf 89' lang='lat' dir='ltr'>aulo</span> <span class='ocrx_word' id='word_1_240' title='bbox 679 2354 806 2409; x_wconf 89' lang='lat' dir='ltr'>subtilius</span> <span class='ocrx_word' id='word_1_241' title='bbox 823 2354 987 2408; x_wconf 85' lang='lat' dir='ltr'>contendens</span> <span class='ocrx_word' id='word_1_242' title='bbox 1006 2371 1102 2410; x_wconf 89' lang='lat' dir='ltr'>nomen</span> <span class='ocrx_word' id='word_1_243' title='bbox 1120 2357 1207 2410; x_wconf 89' lang='lat' dir='ltr'>maris</span> <span class='ocrx_word' id='word_1_244' title='bbox 1225 2358 1352 2413; x_wconf 83' lang='lat' dir='ltr'>intolera-</span> 
     </span>
    </p>

    <p class='ocr_par' dir='ltr' id='par_1_7' title="bbox 172 2370 1351 2840">
     <span class='ocr_line' id='line_1_27' title="bbox 173 2370 1351 2490; baseline 0.005 -15"><span class='ocrx_word' id='word_1_245' title='bbox 173 2421 227 2475; x_wconf 86' lang='lat' dir='ltr'>bile</span> <span class='ocrx_word' id='word_1_246' title='bbox 245 2439 332 2488; x_wconf 82' lang='lat' dir='ltr'>esse,</span> <span class='ocrx_word' id='word_1_247' title='bbox 356 2438 410 2476; x_wconf 90' lang='lat' dir='ltr'>nou</span> <span class='ocrx_word' id='word_1_248' title='bbox 428 2421 548 2485; x_wconf 87' lang='lat' dir='ltr'>videri;</span> <span class='ocrx_word' id='word_1_249' title='bbox 573 2370 638 2476; x_wconf 80' lang='lat' dir='ltr'>ibid.</span> <span class='ocrx_word' id='word_1_250' title='bbox 657 2424 749 2476; x_wconf 90' lang='lat' dir='ltr'>autem</span> <span class='ocrx_word' id='word_1_251' title='bbox 768 2438 794 2490; x_wconf 89' lang='lat' dir='ltr'>p.</span> <span class='ocrx_word' id='word_1_252' title='bbox 813 2425 871 2475; x_wconf 77' lang='lat'><strong>426.</strong></span> <span class='ocrx_word' id='word_1_253' title='bbox 893 2423 974 2476; x_wconf 89' lang='lat' dir='ltr'>etiam</span> <span class='ocrx_word' id='word_1_254' title='bbox 992 2422 1084 2476; x_wconf 87' lang='lat' dir='ltr'>Plauti</span> <span class='ocrx_word' id='word_1_255' title='bbox 1103 2422 1196 2478; x_wconf 88' lang='lat' dir='ltr'>locum</span> <span class='ocrx_word' id='word_1_256' title='bbox 1214 2425 1290 2480; x_wconf 73' lang='lat' dir='ltr'>l&#39;rin.</span> <span class='ocrx_word' id='word_1_257' title='bbox 1307 2426 1351 2489; x_wconf 79' lang='lat' dir='ltr'>lv,</span> 
     </span>
     <span class='ocr_line' id='line_1_28' title="bbox 173 2489 1351 2560; baseline 0.004 -17"><span class='ocrx_word' id='word_1_258' title='bbox 173 2490 195 2553; x_wconf 86' lang='lat'>1,</span> <span class='ocrx_word' id='word_1_259' title='bbox 215 2494 287 2545; x_wconf 80' lang='lat'><strong>1-7.</strong></span> <span class='ocrx_word' id='word_1_260' title='bbox 313 2494 365 2544; x_wconf 85' lang='lat' dir='ltr'>nuc</span> <span class='ocrx_word' id='word_1_261' title='bbox 382 2490 478 2556; x_wconf 85' lang='lat' dir='ltr'>trahit,</span> <span class='ocrx_word' id='word_1_262' title='bbox 505 2490 552 2543; x_wconf 92' lang='lat' dir='ltr'>ubi</span> <span class='ocrx_word' id='word_1_263' title='bbox 571 2489 640 2543; x_wconf 85' lang='lat' dir='ltr'>Mari</span> <span class='ocrx_word' id='word_1_264' title='bbox 658 2489 803 2557; x_wconf 61' lang='lat' dir='ltr'>(fluetibus</span> <span class='ocrx_word' id='word_1_265' title='bbox 823 2489 916 2558; x_wconf 69' lang='lat' dir='ltr'>sabt‘s)</span> <span class='ocrx_word' id='word_1_266' title='bbox 935 2494 1073 2560; x_wconf 87' lang='lat' dir='ltr'>tamquam</span> <span class='ocrx_word' id='word_1_267' title='bbox 1091 2491 1198 2546; x_wconf 90' lang='lat' dir='ltr'>numini</span> <span class='ocrx_word' id='word_1_268' title='bbox 1220 2509 1254 2547; x_wconf 87' lang='lat' dir='ltr'>su</span> <span class='ocrx_word' id='word_1_269' title='bbox 1292 2494 1351 2548; x_wconf 86' lang='lat' dir='ltr'>lice·</span> 
     </span>
     <span class='ocr_line' id='line_1_29' title="bbox 173 2556 1350 2627; baseline 0.002 -15"><span class='ocrx_word' id='word_1_270' title='bbox 173 2561 219 2612; x_wconf 92' lang='lat' dir='ltr'>tur</span> <span class='ocrx_word' id='word_1_271' title='bbox 246 2560 274 2612; x_wconf 91' lang='lat' dir='ltr'>et</span> <span class='ocrx_word' id='word_1_272' title='bbox 289 2558 433 2627; x_wconf 87' lang='lat' dir='ltr'>Neptunus</span> <span class='ocrx_word' id='word_1_273' title='bbox 457 2556 658 2619; x_wconf 75' lang='lat' dir='ltr'>intolerandae,</span> <span class='ocrx_word' id='word_1_274' title='bbox 688 2556 706 2609; x_wconf 79' lang='lat' dir='ltr'>i.</span> <span class='ocrx_word' id='word_1_275' title='bbox 726 2574 747 2611; x_wconf 90' lang='lat' dir='ltr'>e.</span> <span class='ocrx_word' id='word_1_276' title='bbox 766 2557 900 2619; x_wconf 85' lang='lat' dir='ltr'>immanis,</span> <span class='ocrx_word' id='word_1_277' title='bbox 928 2573 1051 2621; x_wconf 87' lang='lat' dir='ltr'>vesanus,</span> <span class='ocrx_word' id='word_1_278' title='bbox 1079 2557 1210 2626; x_wconf 81' lang='lat' dir='ltr'>dicatur.)</span> <span class='ocrx_word' id='word_1_279' title='bbox 1280 2580 1350 2615; x_wconf 65' lang='lat' dir='ltr'>remen</span> 
     </span>
     <span class='ocr_line' id='line_1_30' title="bbox 173 2624 1351 2688; baseline 0.003 -8"><span class='ocrx_word' id='word_1_280' title='bbox 173 2628 265 2680; x_wconf 90' lang='lat' dir='ltr'>autem</span> <span class='ocrx_word' id='word_1_281' title='bbox 284 2625 327 2678; x_wconf 89' lang='lat' dir='ltr'>hic</span> <span class='ocrx_word' id='word_1_282' title='bbox 346 2625 417 2679; x_wconf 86' lang='lat' dir='ltr'>ldem</span> <span class='ocrx_word' id='word_1_283' title='bbox 435 2624 490 2679; x_wconf 86' lang='lat' dir='ltr'>lere</span> <span class='ocrx_word' id='word_1_284' title='bbox 508 2641 566 2678; x_wconf 90' lang='lat' dir='ltr'>esse</span> <span class='ocrx_word' id='word_1_285' title='bbox 584 2627 725 2688; x_wconf 89' lang='lat' dir='ltr'>memorat,</span> <span class='ocrx_word' id='word_1_286' title='bbox 767 2625 820 2679; x_wconf 93' lang='lat' dir='ltr'>uod</span> <span class='ocrx_word' id='word_1_287' title='bbox 838 2625 1004 2680; x_wconf 87' lang='lat' dir='ltr'>violentiam.</span> <span class='ocrx_word' id='word_1_288' title='bbox 1041 2625 1075 2678; x_wconf 78' lang='lat' dir='ltr'>ut</span> <span class='ocrx_word' id='word_1_289' title='bbox 1094 2642 1167 2686; x_wconf 89' lang='lat' dir='ltr'>sane,</span> <span class='ocrx_word' id='word_1_290' title='bbox 1188 2628 1213 2681; x_wconf 87' lang='lat' dir='ltr'>si</span> <span class='ocrx_word' id='word_1_291' title='bbox 1232 2644 1298 2683; x_wconf 80' lang='lat' dir='ltr'>vera</span> <span class='ocrx_word' id='word_1_292' title='bbox 1314 2632 1351 2682; x_wconf 82' lang='lat' dir='ltr'>est</span> 
     </span>
     <span class='ocr_line' id='line_1_31' title="bbox 172 2690 1351 2763; baseline 0.003 -16"><span class='ocrx_word' id='word_1_293' title='bbox 172 2693 252 2747; x_wconf 89' lang='lat' dir='ltr'>lectio</span> <span class='ocrx_word' id='word_1_294' title='bbox 280 2691 348 2745; x_wconf 92' lang='lat' dir='ltr'>nihil</span> <span class='ocrx_word' id='word_1_295' title='bbox 386 2695 458 2745; x_wconf 87' lang='lat' dir='ltr'>otest</span> <span class='ocrx_word' id='word_1_296' title='bbox 475 2692 496 2745; x_wconf 82' lang='lat' dir='ltr'>s‘</span> <span class='ocrx_word' id='word_1_297' title='bbox 518 2691 634 2756; x_wconf 89' lang='lat' dir='ltr'>nificare,</span> <span class='ocrx_word' id='word_1_298' title='bbox 654 2690 708 2745; x_wconf 87' lang='lat' dir='ltr'>nisi</span> <span class='ocrx_word' id='word_1_299' title='bbox 725 2709 759 2761; x_wconf 91' lang='lat' dir='ltr'>po</span> <span class='ocrx_word' id='word_1_300' title='bbox 789 2694 890 2747; x_wconf 90' lang='lat' dir='ltr'>statem</span> <span class='ocrx_word' id='word_1_301' title='bbox 909 2693 1028 2763; x_wconf 84' lang='lat' dir='ltr'>ailquam</span> <span class='ocrx_word' id='word_1_302' title='bbox 1067 2693 1267 2763; x_wconf 86' lang='lat' dir='ltr'>raepollentem</span> <span class='ocrx_word' id='word_1_303' title='bbox 1284 2697 1351 2750; x_wconf 55' lang='lat' dir='ltr'>ide.»</span> 
     </span>
     <span class='ocr_line' id='line_1_32' title="bbox 172 2709 1350 2840; baseline 0.003 -27"><span class='ocrx_word' id='word_1_304' title='bbox 172 2776 224 2830; x_wconf 86' lang='lat' dir='ltr'>que</span> <span class='ocrx_word' id='word_1_305' title='bbox 249 2709 456 2813; x_wconf 77' lang='lat' dir='ltr'>lormidaiilem.</span> <span class='ocrx_word' id='word_1_306' title='bbox 515 2775 605 2814; x_wconf 83' lang='lat' dir='ltr'>omme</span> <span class='ocrx_word' id='word_1_307' title='bbox 628 2762 728 2823; x_wconf 86' lang='lat' dir='ltr'>autem,</span> <span class='ocrx_word' id='word_1_308' title='bbox 760 2760 831 2840; x_wconf 84' lang='lat' dir='ltr'>quod</span> <span class='ocrx_word' id='word_1_309' title='bbox 848 2760 882 2815; x_wconf 88' lang='lat' dir='ltr'>W</span> <span class='ocrx_word' id='word_1_310' title='bbox 900 2777 943 2816; x_wconf 74' lang='lat' dir='ltr'>on.</span> <span class='ocrx_word' id='word_1_311' title='bbox 963 2762 1026 2832; x_wconf 89' lang='lat' dir='ltr'>post</span> <span class='ocrx_word' id='word_1_312' title='bbox 1042 2711 1132 2829; x_wconf 68' lang='lat' dir='ltr'>fiete</span> <span class='ocrx_word' id='word_1_313' title='bbox 1149 2764 1281 2828; x_wconf 81' lang='lat' dir='ltr'>servavit,</span> <span class='ocrx_word' id='word_1_314' title='bbox 1312 2767 1350 2818; x_wconf 81' lang='lat' dir='ltr'>nt</span> 
     </span>
    </p>
   </div>
   <div class='ocr_carea' id='block_1_5' title="bbox 172 2827 1352 3150">
    <p class='ocr_par' dir='ltr' id='par_1_8' title="bbox 172 2827 1352 3150">
     <span class='ocr_line' id='line_1_33' title="bbox 191 2827 1350 2902; baseline 0.004 -22"><span class='ocrx_word' id='word_1_315' title='bbox 191 2831 235 2881; x_wconf 91' lang='lat' dir='ltr'>cte</span> <span class='ocrx_word' id='word_1_316' title='bbox 264 2827 326 2882; x_wconf 90' lang='lat' dir='ltr'>huic</span> <span class='ocrx_word' id='word_1_317' title='bbox 353 2827 405 2880; x_wconf 92' lang='lat' dir='ltr'>loci</span> <span class='ocrx_word' id='word_1_318' title='bbox 434 2827 604 2896; x_wconf 85' lang='lat' dir='ltr'>explicationi</span> <span class='ocrx_word' id='word_1_319' title='bbox 626 2843 679 2880; x_wconf 91' lang='lat' dir='ltr'>non</span> <span class='ocrx_word' id='word_1_320' title='bbox 705 2843 871 2892; x_wconf 77' lang='lat' dir='ltr'>consumens,</span> <span class='ocrx_word' id='word_1_321' title='bbox 920 2827 1057 2883; x_wconf 83' lang='lat' dir='ltr'>elevimus.</span> <span class='ocrx_word' id='word_1_322' title='bbox 1092 2828 1211 2895; x_wconf 74' lang='lat' dir='ltr'>Peerlk,</span> <span class='ocrx_word' id='word_1_323' title='bbox 1244 2832 1350 2902; x_wconf 73' lang='lat' dir='ltr'>Suepfl,</span> 
     </span>
     <span class='ocr_line' id='line_1_34' title="bbox 172 2845 1351 2969; baseline 0.003 -19"><span class='ocrx_word' id='word_1_324' title='bbox 172 2845 274 2958; x_wconf 75' lang='lat' dir='ltr'>ilossr,</span> <span class='ocrx_word' id='word_1_325' title='bbox 302 2894 409 2949; x_wconf 84' lang='lat' dir='ltr'>Ladew.</span> <span class='ocrx_word' id='word_1_326' title='bbox 429 2895 457 2948; x_wconf 93' lang='lat' dir='ltr'>in</span> <span class='ocrx_word' id='word_1_327' title='bbox 477 2896 614 2949; x_wconf 88' lang='lat' dir='ltr'>recentiss.</span> <span class='ocrx_word' id='word_1_328' title='bbox 634 2895 684 2960; x_wconf 86' lang='lat' dir='ltr'>ed,</span> <span class='ocrx_word' id='word_1_329' title='bbox 705 2895 764 2949; x_wconf 86' lang='lat' dir='ltr'>Heu</span> <span class='ocrx_word' id='word_1_330' title='bbox 815 2896 841 2949; x_wconf 85' lang='lat' dir='ltr'>ln</span> <span class='ocrx_word' id='word_1_331' title='bbox 864 2895 961 2951; x_wconf 89' lang='lat' dir='ltr'>Philol.</span> <span class='ocrx_word' id='word_1_332' title='bbox 979 2893 1056 2950; x_wconf 86' lang='lat' dir='ltr'>XIII.</span> <span class='ocrx_word' id='word_1_333' title='bbox 1074 2913 1100 2967; x_wconf 88' lang='lat' dir='ltr'>p.</span> <span class='ocrx_word' id='word_1_334' title='bbox 1121 2900 1180 2952; x_wconf 80' lang='grc'><strong>612.</strong></span> <span class='ocrx_word' id='word_1_335' title='bbox 1202 2899 1261 2967; x_wconf 89' lang='lat' dir='ltr'>(qui</span> <span class='ocrx_word' id='word_1_336' title='bbox 1282 2901 1351 2969; x_wconf 87' lang='lat' dir='ltr'>prius</span> 
     </span>
     <span class='ocr_line' id='line_1_35' title="bbox 172 2961 1351 3032; baseline 0.003 -15"><span class='ocrx_word' id='word_1_337' title='bbox 172 2963 198 3017; x_wconf 89' lang='lat' dir='ltr'>in</span> <span class='ocrx_word' id='word_1_338' title='bbox 220 2965 276 3017; x_wconf 76' lang='lat' dir='ltr'>Tro.</span> <span class='ocrx_word' id='word_1_339' title='bbox 295 2980 377 3016; x_wconf 77' lang='lat' dir='ltr'>oeoro</span> <span class='ocrx_word' id='word_1_340' title='bbox 395 2963 425 3017; x_wconf 88' lang='lat' dir='ltr'>V.</span> <span class='ocrx_word' id='word_1_341' title='bbox 444 2980 469 3032; x_wconf 91' lang='lat' dir='ltr'>p.</span> <span class='ocrx_word' id='word_1_342' title='bbox 489 2965 530 3016; x_wconf 79' lang='lat'>58.</span> <span class='ocrx_word' id='word_1_343' title='bbox 557 2961 698 3016; x_wconf 89' lang='lat' dir='ltr'>lectionem</span> <span class='ocrx_word' id='word_1_344' title='bbox 721 2979 770 3015; x_wconf 85' lang='lat' dir='ltr'>coe</span> <span class='ocrx_word' id='word_1_345' title='bbox 782 2981 827 3016; x_wconf 86' lang='lat' dir='ltr'>um</span> <span class='ocrx_word' id='word_1_346' title='bbox 849 2962 1015 3026; x_wconf 82' lang='lat' dir='ltr'>defenderat,</span> <span class='ocrx_word' id='word_1_347' title='bbox 1045 2979 1117 3018; x_wconf 90' lang='lat' dir='ltr'>nnnc</span> <span class='ocrx_word' id='word_1_348' title='bbox 1134 2980 1199 3018; x_wconf 85' lang='lat' dir='ltr'>vcro</span> <span class='ocrx_word' id='word_1_349' title='bbox 1217 2967 1303 3021; x_wconf 82' lang='lat' dir='ltr'>etism</span> <span class='ocrx_word' id='word_1_350' title='bbox 1321 2967 1351 3021; x_wconf 86' lang='lat' dir='ltr'>sd</span> 
     </span>
     <span class='ocr_line' id='line_1_36' title="bbox 172 3030 1352 3150; baseline 0.003 -66"><span class='ocrx_word' id='word_1_351' title='bbox 172 3030 266 3085; x_wconf 83' lang='lat' dir='ltr'>Silium</span> <span class='ocrx_word' id='word_1_352' title='bbox 311 3031 372 3097; x_wconf 89' lang='lat' dir='ltr'>VII,</span> <span class='ocrx_word' id='word_1_353' title='bbox 399 3034 440 3084; x_wconf 83' lang='lat'>50.</span> <span class='ocrx_word' id='word_1_354' title='bbox 451 3032 594 3150; x_wconf 69' lang='lat' dir='ltr'>fprouocat</span> <span class='ocrx_word' id='word_1_355' title='bbox 615 3046 712 3083; x_wconf 71' lang='lat' dir='ltr'>oramen</span> <span class='ocrx_word' id='word_1_356' title='bbox 750 3031 825 3098; x_wconf 74' lang='lat' dir='ltr'>elegi</span> <span class='ocrx_word' id='word_1_357' title='bbox 842 3032 1105 3098; x_wconf 84' lang='lat' dir='ltr'>commemorantem)</span> <span class='ocrx_word' id='word_1_358' title='bbox 1127 3034 1155 3086; x_wconf 90' lang='lat' dir='ltr'>et</span> <span class='ocrx_word' id='word_1_359' title='bbox 1172 3032 1289 3087; x_wconf 89' lang='lat' dir='ltr'>Benoist</span> <span class='ocrx_word' id='word_1_360' title='bbox 1308 3052 1352 3088; x_wconf 87' lang='lat' dir='ltr'>nos</span> 
     </span>
    </p>
   </div>
   <div class='ocr_carea' id='block_1_6' title="bbox 167 3096 1360 4727">
    <p class='ocr_par' dir='ltr' id='par_1_9' title="bbox 168 3096 1355 3832">
     <span class='ocr_line' id='line_1_37' title="bbox 171 3096 1351 3170; baseline 0.003 -19"><span class='ocrx_word' id='word_1_361' title='bbox 171 3099 257 3153; x_wconf 86' lang='lat' dir='ltr'>secuti</span> <span class='ocrx_word' id='word_1_362' title='bbox 277 3100 348 3161; x_wconf 88' lang='lat' dir='ltr'>sunt,</span> <span class='ocrx_word' id='word_1_363' title='bbox 368 3099 432 3151; x_wconf 90' lang='lat' dir='ltr'>dum</span> <span class='ocrx_word' id='word_1_364' title='bbox 475 3113 544 3166; x_wconf 82' lang='lat' dir='ltr'>ryce,</span> <span class='ocrx_word' id='word_1_365' title='bbox 563 3098 626 3151; x_wconf 88' lang='lat' dir='ltr'>Hau</span> <span class='ocrx_word' id='word_1_366' title='bbox 644 3100 676 3160; x_wconf 78' lang='lat' dir='ltr'>t,</span> <span class='ocrx_word' id='word_1_367' title='bbox 702 3096 735 3150; x_wconf 85' lang='lat' dir='ltr'>Rr</span> <span class='ocrx_word' id='word_1_368' title='bbox 756 3099 830 3152; x_wconf 85' lang='lat' dir='ltr'>beck.</span> <span class='ocrx_word' id='word_1_369' title='bbox 851 3101 879 3152; x_wconf 89' lang='lat' dir='ltr'>et</span> <span class='ocrx_word' id='word_1_370' title='bbox 897 3099 1051 3168; x_wconf 81' lang='lat' dir='ltr'>Conington</span> <span class='ocrx_word' id='word_1_371' title='bbox 1068 3116 1166 3152; x_wconf 78' lang='lat' dir='ltr'>nomeu</span> <span class='ocrx_word' id='word_1_372' title='bbox 1183 3107 1351 3170; x_wconf 86' lang='lat' dir='ltr'>receperunt,</span> 
     </span>
     <span class='ocr_line' id='line_1_38' title="bbox 171 3114 1352 3286; baseline 0.001 -66"><span class='ocrx_word' id='word_1_373' title='bbox 171 3166 241 3235; x_wconf 88' lang='lat' dir='ltr'>quod</span> <span class='ocrx_word' id='word_1_374' title='bbox 260 3166 359 3220; x_wconf 85' lang='lat' dir='ltr'>Ameis.</span> <span class='ocrx_word' id='word_1_375' title='bbox 378 3165 405 3218; x_wconf 87' lang='lat' dir='ltr'>in</span> <span class='ocrx_word' id='word_1_376' title='bbox 423 3164 570 3220; x_wconf 85' lang='lat' dir='ltr'>Mneteellii</span> <span class='ocrx_word' id='word_1_377' title='bbox 588 3114 700 3233; x_wconf 79' lang='lat' dir='ltr'>llpiiem.</span> <span class='ocrx_word' id='word_1_378' title='bbox 723 3165 781 3220; x_wconf 87' lang='lat' dir='ltr'>VH.</span> <span class='ocrx_word' id='word_1_379' title='bbox 797 3183 826 3286; x_wconf 68' lang='lat' dir='ltr'>p</span> <span class='ocrx_word' id='word_1_380' title='bbox 847 3169 906 3246; x_wconf 63' lang='lat'>93²:</span> <span class='ocrx_word' id='word_1_381' title='bbox 934 3169 1006 3246; x_wconf 80' lang='lat' dir='ltr'>recte</span> <span class='ocrx_word' id='word_1_382' title='bbox 1030 3166 1190 3236; x_wconf 83' lang='lat' dir='ltr'>languidum</span> <span class='ocrx_word' id='word_1_383' title='bbox 1216 3174 1311 3224; x_wconf 89' lang='lat' dir='ltr'>censet</span> <span class='ocrx_word' id='word_1_384' title='bbox 1328 3173 1352 3224; x_wconf 85' lang='lat' dir='ltr'>et</span> 
     </span>
     <span class='ocr_line' id='line_1_39' title="bbox 170 3232 1351 3304; baseline 0.002 -16"><span class='ocrx_word' id='word_1_385' title='bbox 170 3233 281 3288; x_wconf 86' lang='lat' dir='ltr'>veritati</span> <span class='ocrx_word' id='word_1_386' title='bbox 299 3249 459 3303; x_wconf 84' lang='lat' dir='ltr'>repugnans.</span> <span class='ocrx_word' id='word_1_387' title='bbox 491 3233 618 3288; x_wconf 81' lang='lat' dir='ltr'>Ceterum</span> <span class='ocrx_word' id='word_1_388' title='bbox 636 3232 668 3287; x_wconf 91' lang='lat' dir='ltr'>de</span> <span class='ocrx_word' id='word_1_389' title='bbox 687 3232 780 3286; x_wconf 85' lang='lat' dir='ltr'>eadem</span> <span class='ocrx_word' id='word_1_390' title='bbox 808 3237 919 3288; x_wconf 87' lang='lat' dir='ltr'>ectroms</span> <span class='ocrx_word' id='word_1_391' title='bbox 938 3235 1071 3289; x_wconf 84' lang='lat' dir='ltr'>vanetste</span> <span class='ocrx_word' id='word_1_392' title='bbox 1090 3251 1173 3304; x_wconf 87' lang='lat' dir='ltr'>supra</span> <span class='ocrx_word' id='word_1_393' title='bbox 1191 3235 1226 3290; x_wconf 89' lang='lat' dir='ltr'>ad</span> <span class='ocrx_word' id='word_1_394' title='bbox 1248 3237 1295 3300; x_wconf 88' lang='lat' dir='ltr'>lv,</span> <span class='ocrx_word' id='word_1_395' title='bbox 1313 3243 1351 3292; x_wconf 77' lang='lat' dir='ltr'>at,</span> 
     </span>
     <span class='ocr_line' id='line_1_40' title="bbox 172 3299 1352 3373; baseline 0.002 -17"><span class='ocrx_word' id='word_1_396' title='bbox 172 3303 284 3371; x_wconf 76' lang='lat' dir='ltr'>egtmus.</span> <span class='ocrx_word' id='word_1_397' title='bbox 304 3331 335 3338; x_wconf 85' lang='lat'>·-</span> <span class='ocrx_word' id='word_1_398' title='bbox 353 3319 417 3355; x_wconf 79' lang='lat' dir='ltr'>non</span> <span class='ocrx_word' id='word_1_399' title='bbox 439 3301 630 3354; x_wconf 81' lang='lat' dir='ltr'>tolerabile.</span> <span class='ocrx_word' id='word_1_400' title='bbox 665 3299 706 3354; x_wconf 82' lang='lat' dir='ltr'>Ol.</span> <span class='ocrx_word' id='word_1_401' title='bbox 726 3300 820 3354; x_wconf 84' lang='lat' dir='ltr'>Plauti</span> <span class='ocrx_word' id='word_1_402' title='bbox 838 3301 914 3355; x_wconf 90' lang='lat' dir='ltr'>locus</span> <span class='ocrx_word' id='word_1_403' title='bbox 932 3301 1011 3356; x_wconf 90' lang='lat' dir='ltr'>modo</span> <span class='ocrx_word' id='word_1_404' title='bbox 1031 3317 1125 3356; x_wconf 89' lang='lat' dir='ltr'>comm.</span> <span class='ocrx_word' id='word_1_405' title='bbox 1144 3335 1177 3342; x_wconf 94' lang='lat'><em>-</em></span> <span class='ocrx_word' id='word_1_406' title='bbox 1197 3302 1265 3366; x_wconf 80' lang='grc'><strong>769.</strong></span> <span class='ocrx_word' id='word_1_407' title='bbox 1297 3306 1352 3373; x_wconf 82' lang='lat' dir='ltr'>fu·</span> 
     </span>
     <span class='ocr_line' id='line_1_41' title="bbox 169 3368 1353 3439; baseline 0.002 -16"><span class='ocrx_word' id='word_1_408' title='bbox 169 3386 238 3439; x_wconf 81' lang='lat' dir='ltr'>pce.</span> <span class='ocrx_word' id='word_1_409' title='bbox 273 3369 332 3424; x_wconf 90' lang='lat' dir='ltr'>Vid.</span> <span class='ocrx_word' id='word_1_410' title='bbox 352 3384 434 3437; x_wconf 91' lang='lat' dir='ltr'>supra</span> <span class='ocrx_word' id='word_1_411' title='bbox 452 3368 487 3423; x_wconf 88' lang='lat' dir='ltr'>ad</span> <span class='ocrx_word' id='word_1_412' title='bbox 504 3386 530 3423; x_wconf 83' lang='lat' dir='ltr'>v.</span> <span class='ocrx_word' id='word_1_413' title='bbox 548 3371 606 3423; x_wconf 86' lang='grc'>658.</span> <span class='ocrx_word' id='word_1_414' title='bbox 641 3369 736 3438; x_wconf 82' lang='lat' dir='ltr'>Wagn.</span> <span class='ocrx_word' id='word_1_415' title='bbox 756 3369 817 3423; x_wconf 91' lang='lat' dir='ltr'>coll.</span> <span class='ocrx_word' id='word_1_416' title='bbox 837 3370 859 3436; x_wconf 92' lang='lat' dir='ltr'>I,</span> <span class='ocrx_word' id='word_1_417' title='bbox 891 3375 916 3422; x_wconf 76' lang='lat'>2.</span> <span class='ocrx_word' id='word_1_418' title='bbox 935 3386 983 3439; x_wconf 91' lang='lat' dir='ltr'>per</span> <span class='ocrx_word' id='word_1_419' title='bbox 1000 3371 1053 3423; x_wconf 88' lang='lat' dir='ltr'>iter</span> <span class='ocrx_word' id='word_1_420' title='bbox 1071 3369 1291 3439; x_wconf 79' lang='lat' dir='ltr'>profugientium</span> <span class='ocrx_word' id='word_1_421' title='bbox 1310 3390 1353 3427; x_wconf 83' lang='lat' dir='ltr'>er·</span> 
     </span>
     <span class='ocr_line' id='line_1_42' title="bbox 168 3436 1351 3511; baseline 0.003 -20"><span class='ocrx_word' id='word_1_422' title='bbox 168 3437 260 3506; x_wconf 86' lang='lat' dir='ltr'>plicat.</span> <span class='ocrx_word' id='word_1_423' title='bbox 297 3437 422 3491; x_wconf 84' lang='lat' dir='ltr'>Ceterum</span> <span class='ocrx_word' id='word_1_424' title='bbox 443 3437 475 3493; x_wconf 87' lang='lat' dir='ltr'>cf.</span> <span class='ocrx_word' id='word_1_425' title='bbox 496 3436 546 3499; x_wconf 90' lang='lat' dir='ltr'>III,</span> <span class='ocrx_word' id='word_1_426' title='bbox 579 3440 634 3491; x_wconf 84' lang='grc'><strong>160.</strong></span> <span class='ocrx_word' id='word_1_427' title='bbox 660 3438 747 3505; x_wconf 57' lang='lat' dir='ltr'>rupae</span> <span class='ocrx_word' id='word_1_428' title='bbox 764 3437 886 3490; x_wconf 84' lang='lat' dir='ltr'>laborem</span> <span class='ocrx_word' id='word_1_429' title='bbox 905 3440 932 3491; x_wconf 88' lang='lat' dir='ltr'>et</span> <span class='ocrx_word' id='word_1_430' title='bbox 951 3453 1033 3506; x_wconf 85' lang='lat' dir='ltr'>supra</span> <span class='ocrx_word' id='word_1_431' title='bbox 1051 3454 1076 3492; x_wconf 83' lang='lat' dir='ltr'>v.</span> <span class='ocrx_word' id='word_1_432' title='bbox 1095 3440 1153 3492; x_wconf 84' lang='lat' dir='ltr'>tili.</span> <span class='ocrx_word' id='word_1_433' title='bbox 1170 3440 1274 3508; x_wconf 73' lang='lat' dir='ltr'>pelopi</span> <span class='ocrx_word' id='word_1_434' title='bbox 1290 3458 1351 3511; x_wconf 83' lang='lat' dir='ltr'>per·</span> 
     </span>
     <span class='ocr_line' id='line_1_43' title="bbox 169 3502 1354 3574; baseline 0.003 -16"><span class='ocrx_word' id='word_1_435' title='bbox 169 3507 244 3573; x_wconf 75' lang='lat' dir='ltr'>serre</span> <span class='ocrx_word' id='word_1_436' title='bbox 273 3504 403 3558; x_wconf 83' lang='lat' dir='ltr'>laborem.</span> <span class='ocrx_word' id='word_1_437' title='bbox 422 3533 456 3542; x_wconf 91' lang='lat'>-</span> <span class='ocrx_word' id='word_1_438' title='bbox 475 3502 537 3563; x_wconf 78' lang='lat'>771.</span> <span class='ocrx_word' id='word_1_439' title='bbox 567 3505 833 3573; x_wconf 78' lang='lat' dir='ltr'>cooaeupuineo,</span> <span class='ocrx_word' id='word_1_440' title='bbox 865 3503 967 3558; x_wconf 91' lang='lat' dir='ltr'>homini</span> <span class='ocrx_word' id='word_1_441' title='bbox 989 3505 1108 3559; x_wconf 89' lang='lat' dir='ltr'>eiusdem</span> <span class='ocrx_word' id='word_1_442' title='bbox 1125 3506 1226 3574; x_wconf 85' lang='lat' dir='ltr'>gentis.</span> <span class='ocrx_word' id='word_1_443' title='bbox 1247 3507 1354 3562; x_wconf 85' lang='lat' dir='ltr'>-lo·</span> 
     </span>
     <span class='ocr_line' id='line_1_44' title="bbox 170 3570 1355 3653; baseline 0.004 -28"><span class='ocrx_word' id='word_1_444' title='bbox 170 3573 327 3625; x_wconf 78' lang='lat' dir='ltr'>crimene.</span> <span class='ocrx_word' id='word_1_445' title='bbox 363 3570 444 3624; x_wconf 89' lang='lat' dir='ltr'>Pium</span> <span class='ocrx_word' id='word_1_446' title='bbox 462 3573 579 3625; x_wconf 81' lang='lat' dir='ltr'>Aeneam</span> <span class='ocrx_word' id='word_1_447' title='bbox 597 3571 692 3626; x_wconf 90' lang='lat' dir='ltr'>decent</span> <span class='ocrx_word' id='word_1_448' title='bbox 709 3571 760 3625; x_wconf 90' lang='lat' dir='ltr'>hac</span> <span class='ocrx_word' id='word_1_449' title='bbox 780 3571 915 3627; x_wconf 85' lang='lat' dir='ltr'>lacrimae.</span> <span class='ocrx_word' id='word_1_450' title='bbox 935 3604 966 3611; x_wconf 87' lang='lat'>-</span> <span class='ocrx_word' id='word_1_451' title='bbox 985 3570 1049 3632; x_wconf 76' lang='lat'>772.</span> <span class='ocrx_word' id='word_1_452' title='bbox 1071 3573 1194 3653; x_wconf 76' lang='lat' dir='ltr'>Erpoi,</span> <span class='ocrx_word' id='word_1_453' title='bbox 1212 3575 1355 3645; x_wconf 83' lang='lat' dir='ltr'>tamquam</span> 
     </span>
     <span class='ocr_line' id='line_1_45' title="bbox 170 3637 1353 3703; baseline 0.003 -11"><span class='ocrx_word' id='word_1_454' title='bbox 170 3639 243 3692; x_wconf 89' lang='lat' dir='ltr'>heroi</span> <span class='ocrx_word' id='word_1_455' title='bbox 261 3638 414 3702; x_wconf 88' lang='lat' dir='ltr'>etSiciliae,</span> <span class='ocrx_word' id='word_1_456' title='bbox 434 3637 506 3691; x_wconf 89' lang='lat' dir='ltr'>unde</span> <span class='ocrx_word' id='word_1_457' title='bbox 527 3637 643 3700; x_wconf 89' lang='lat' dir='ltr'>solvunt,</span> <span class='ocrx_word' id='word_1_458' title='bbox 664 3639 713 3692; x_wconf 88' lang='lat' dir='ltr'>deo</span> <span class='ocrx_word' id='word_1_459' title='bbox 730 3639 849 3703; x_wconf 88' lang='lat' dir='ltr'>tutelari,</span> <span class='ocrx_word' id='word_1_460' title='bbox 869 3641 944 3694; x_wconf 89' lang='lat' dir='ltr'>cuius</span> <span class='ocrx_word' id='word_1_461' title='bbox 962 3639 1090 3694; x_wconf 84' lang='lat' dir='ltr'>auxilium</span> <span class='ocrx_word' id='word_1_462' title='bbox 1109 3640 1237 3695; x_wconf 83' lang='lat' dir='ltr'>udentur</span> <span class='ocrx_word' id='word_1_463' title='bbox 1257 3644 1295 3696; x_wconf 90' lang='lat' dir='ltr'>im</span> <span class='ocrx_word' id='word_1_464' title='bbox 1315 3643 1353 3697; x_wconf 89' lang='lat' dir='ltr'>lo-</span> 
     </span>
     <span class='ocr_line' id='line_1_46' title="bbox 170 3662 1353 3832; baseline 0.003 -4"><span class='ocrx_word' id='word_1_465' title='bbox 170 3705 337 3828; x_wconf 67' lang='lat' dir='ltr'>rnei</span> <span class='ocrx_word' id='word_1_466' title='bbox 599 3705 1274 3830; x_wconf 56' lang='lat' dir='ltr'>itte,respueruentrtur</span> <span class='ocrx_word' id='word_1_467' title='bbox 1296 3662 1353 3832; x_wconf 74' lang='lat' dir='ltr'>ie·</span> 
     </span>
    </p>

    <p class='ocr_par' dir='ltr' id='par_1_10' title="bbox 167 3790 1360 4727">
     <span class='ocr_line' id='line_1_47' title="bbox 223 3793 1354 3835; baseline 0.004 -9"><span class='ocrx_word' id='word_1_468' title='bbox 223 3813 229 3826; x_wconf 94' lang='lat'><strong>.</strong></span> <span class='ocrx_word' id='word_1_469' title='bbox 367 3803 425 3825; x_wconf 91' lang='grc'>.-</span> <span class='ocrx_word' id='word_1_470' title='bbox 445 3812 461 3835; x_wconf 92' lang='grc'>,,</span> <span class='ocrx_word' id='word_1_471' title='bbox 589 3793 603 3826; x_wconf 78' lang='lat' dir='ltr'>e</span> <span class='ocrx_word' id='word_1_472' title='bbox 661 3794 664 3801; x_wconf 63' lang='lat'><strong><em>¹</em></strong></span> <span class='ocrx_word' id='word_1_473' title='bbox 720 3794 742 3828; x_wconf 82' lang='lat' dir='ltr'>e.</span> <span class='ocrx_word' id='word_1_474' title='bbox 900 3794 912 3828; x_wconf 90' lang='lat' dir='ltr'>s</span> <span class='ocrx_word' id='word_1_475' title='bbox 1100 3817 1105 3829; x_wconf 92' lang='lat'><strong><em>.</em></strong></span> <span class='ocrx_word' id='word_1_476' title='bbox 1204 3820 1209 3831; x_wconf 95' lang='lat'>.</span> <span class='ocrx_word' id='word_1_477' title='bbox 1259 3795 1300 3833; x_wconf 92' lang='lat' dir='ltr'>.e</span> <span class='ocrx_word' id='word_1_478' title='bbox 1347 3819 1354 3830; x_wconf 87' lang='lat'><strong><em>.</em></strong></span> 
     </span>
     <span class='ocr_line' id='line_1_48' title="bbox 169 3790 1356 3912; baseline 0.003 -16"><span class='ocrx_word' id='word_1_479' title='bbox 169 3843 210 3897; x_wconf 80' lang='lat' dir='ltr'>cf.</span> <span class='ocrx_word' id='word_1_480' title='bbox 241 3790 345 3911; x_wconf 85' lang='lat' dir='ltr'>supraq</span> <span class='ocrx_word' id='word_1_481' title='bbox 389 3881 395 3906; x_wconf 95' lang='lat'>,</span> <span class='ocrx_word' id='word_1_482' title='bbox 430 3843 507 3896; x_wconf 82' lang='lat' dir='ltr'>12o.“</span> <span class='ocrx_word' id='word_1_483' title='bbox 577 3859 634 3912; x_wconf 74' lang='lat' dir='ltr'>opo.</span> <span class='ocrx_word' id='word_1_484' title='bbox 670 3842 766 3911; x_wconf 86' lang='lat' dir='ltr'>Wagn.</span> <span class='ocrx_word' id='word_1_485' title='bbox 791 3844 931 3912; x_wconf 86' lang='lat' dir='ltr'>praeterea</span> <span class='ocrx_word' id='word_1_486' title='bbox 956 3842 1071 3898; x_wconf 81' lang='lat' dir='ltr'>conferri</span> <span class='ocrx_word' id='word_1_487' title='bbox 1090 3793 1166 3898; x_wconf 66' lang='lat' dir='ltr'>Inbei</span> <span class='ocrx_word' id='word_1_488' title='bbox 1185 3843 1242 3899; x_wconf 81' lang='lat' dir='ltr'>Cic.</span> <span class='ocrx_word' id='word_1_489' title='bbox 1266 3847 1301 3900; x_wconf 89' lang='lat' dir='ltr'>N.</span> <span class='ocrx_word' id='word_1_490' title='bbox 1321 3848 1356 3900; x_wconf 86' lang='lat' dir='ltr'>D.</span> 
     </span>
     <span class='ocr_line' id='line_1_49' title="bbox 168 3909 1355 4032; baseline 0.003 -68"><span class='ocrx_word' id='word_1_491' title='bbox 168 3911 219 3973; x_wconf 89' lang='lat'>111,</span> <span class='ocrx_word' id='word_1_492' title='bbox 253 3913 291 3964; x_wconf 77' lang='lat'>20.</span> <span class='ocrx_word' id='word_1_493' title='bbox 328 3910 508 3980; x_wconf 79' lang='lat' dir='ltr'>&#39;I&#39;empeetctee</span> <span class='ocrx_word' id='word_1_494' title='bbox 536 3909 641 4032; x_wconf 69' lang='lat' dir='ltr'>populi</span> <span class='ocrx_word' id='word_1_495' title='bbox 659 3909 783 3964; x_wconf 74' lang='lat' dir='ltr'>Romani</span> <span class='ocrx_word' id='word_1_496' title='bbox 807 3910 908 3964; x_wconf 77' lang='lat' dir='ltr'>ritibus</span> <span class='ocrx_word' id='word_1_497' title='bbox 937 3918 1113 3965; x_wconf 70' lang='lat' dir='ltr'>commoratae</span> <span class='ocrx_word' id='word_1_498' title='bbox 1141 3918 1211 3967; x_wconf 64' lang='lat' dir='ltr'>aare.</span> <span class='ocrx_word' id='word_1_499' title='bbox 1233 3942 1267 3952; x_wconf 91' lang='lat'>-</span> <span class='ocrx_word' id='word_1_500' title='bbox 1290 3913 1355 3975; x_wconf 77' lang='grc'><strong>773.</strong></span> 
     </span>
     <span class='ocr_line' id='line_1_50' title="bbox 168 3977 1356 4048; baseline 0.003 -16"><span class='ocrx_word' id='word_1_501' title='bbox 168 3977 343 4047; x_wconf 81' lang='lat' dir='ltr'>„Caedere</span> <span class='ocrx_word' id='word_1_502' title='bbox 372 3979 466 4032; x_wconf 83' lang='lat' dir='ltr'>iubet</span> <span class='ocrx_word' id='word_1_503' title='bbox 495 3996 530 4031; x_wconf 84' lang='lat' dir='ltr'>ao</span> <span class='ocrx_word' id='word_1_504' title='bbox 551 3995 660 4048; x_wconf 77' lang='lat' dir='ltr'>etque.</span> <span class='ocrx_word' id='word_1_505' title='bbox 699 3977 760 4031; x_wconf 91' lang='lat' dir='ltr'>Vid.</span> <span class='ocrx_word' id='word_1_506' title='bbox 789 3977 898 4032; x_wconf 81' lang='lat' dir='ltr'>adllcl.</span> <span class='ocrx_word' id='word_1_507' title='bbox 917 3978 963 4040; x_wconf 85' lang='lat' dir='ltr'>VI,</span> <span class='ocrx_word' id='word_1_508' title='bbox 991 3981 1030 4034; x_wconf 83' lang='grc'>85.</span> <span class='ocrx_word' id='word_1_509' title='bbox 1055 3979 1237 4047; x_wconf 83' lang='lat' dir='ltr'>etAen.III,</span> <span class='ocrx_word' id='word_1_510' title='bbox 1261 3985 1304 4035; x_wconf 85' lang='grc'>61.</span> <span class='ocrx_word' id='word_1_511' title='bbox 1324 4013 1356 4020; x_wconf 85' lang='grc'>-</span> 
     </span>
     <span class='ocr_line' id='line_1_51' title="bbox 167 4043 1357 4123; baseline 0.003 -23"><span class='ocrx_word' id='word_1_512' title='bbox 167 4047 258 4102; x_wconf 79' lang='lat' dir='ltr'>solui</span> <span class='ocrx_word' id='word_1_513' title='bbox 274 4075 285 4086; x_wconf 94' lang='lat'>·</span> <span class='ocrx_word' id='word_1_514' title='bbox 304 4073 314 4083; x_wconf 94' lang='lat'><em>-</em></span> <span class='ocrx_word' id='word_1_515' title='bbox 332 4047 459 4111; x_wconf 80' lang='lat' dir='ltr'>funem:</span> <span class='ocrx_word' id='word_1_516' title='bbox 483 4043 627 4101; x_wconf 65' lang='lat' dir='ltr'>tricostus</span> <span class='ocrx_word' id='word_1_517' title='bbox 647 4046 680 4100; x_wconf 81' lang='grc' dir='ltr'>τὰ</span> <span class='ocrx_word' id='word_1_518' title='bbox 701 4050 855 4116; x_wconf 74' lang='grc' dir='ltr'><strong><em>πείσματα,</em></strong></span> <span class='ocrx_word' id='word_1_519' title='bbox 874 4062 898 4100; x_wconf 84' lang='lat' dir='ltr'>v.</span> <span class='ocrx_word' id='word_1_520' title='bbox 919 4063 939 4102; x_wconf 88' lang='lat' dir='ltr'>c.</span> <span class='ocrx_word' id='word_1_521' title='bbox 961 4045 1042 4115; x_wconf 87' lang='lat' dir='ltr'>Orph.</span> <span class='ocrx_word' id='word_1_522' title='bbox 1065 4049 1137 4101; x_wconf 77' lang='lat'><strong>1239.</strong></span> <span class='ocrx_word' id='word_1_523' title='bbox 1155 4049 1184 4100; x_wconf 85' lang='lat' dir='ltr'>et</span> <span class='ocrx_word' id='word_1_524' title='bbox 1201 4046 1239 4099; x_wconf 83' lang='lat' dir='ltr'>al.</span> <span class='ocrx_word' id='word_1_525' title='bbox 1268 4049 1357 4123; x_wconf 76' lang='lat' dir='ltr'>Supra</span> 
     </span>
     <span class='ocr_line' id='line_1_52' title="bbox 168 4112 1357 4182; baseline 0.004 -14"><span class='ocrx_word' id='word_1_526' title='bbox 168 4115 218 4178; x_wconf 92' lang='lat' dir='ltr'>III,</span> <span class='ocrx_word' id='word_1_527' title='bbox 238 4117 296 4169; x_wconf 79' lang='grc'>639.</span> <span class='ocrx_word' id='word_1_528' title='bbox 344 4132 430 4178; x_wconf 73' lang='lat' dir='ltr'>renem,</span> <span class='ocrx_word' id='word_1_529' title='bbox 477 4130 511 4167; x_wconf 90' lang='lat' dir='ltr'>uo</span> <span class='ocrx_word' id='word_1_530' title='bbox 530 4130 610 4168; x_wconf 80' lang='lat' dir='ltr'>naves</span> <span class='ocrx_word' id='word_1_531' title='bbox 630 4113 664 4167; x_wconf 87' lang='lat' dir='ltr'>ad</span> <span class='ocrx_word' id='word_1_532' title='bbox 682 4112 746 4166; x_wconf 86' lang='lat' dir='ltr'>iltus</span> <span class='ocrx_word' id='word_1_533' title='bbox 767 4112 906 4182; x_wconf 81' lang='lat' dir='ltr'>religatae,</span> <span class='ocrx_word' id='word_1_534' title='bbox 935 4130 1047 4169; x_wconf 84' lang='lat' dir='ltr'>ancorae</span> <span class='ocrx_word' id='word_1_535' title='bbox 1065 4114 1132 4177; x_wconf 89' lang='lat' dir='ltr'>loco,</span> <span class='ocrx_word' id='word_1_536' title='bbox 1152 4114 1267 4170; x_wconf 87' lang='lat' dir='ltr'>heroum</span> <span class='ocrx_word' id='word_1_537' title='bbox 1286 4120 1357 4173; x_wconf 90' lang='lat' dir='ltr'>tem·</span> 
     </span>
     <span class='ocr_line' id='line_1_53' title="bbox 168 4131 1357 4252; baseline 0.003 -17"><span class='ocrx_word' id='word_1_538' title='bbox 168 4185 260 4252; x_wconf 85' lang='lat' dir='ltr'>poro.⁴‘</span> <span class='ocrx_word' id='word_1_539' title='bbox 328 4199 386 4251; x_wconf 74' lang='lat' dir='ltr'>epu.</span> <span class='ocrx_word' id='word_1_540' title='bbox 421 4131 482 4235; x_wconf 76' lang='lat' dir='ltr'>vid.</span> <span class='ocrx_word' id='word_1_541' title='bbox 502 4181 584 4235; x_wconf 86' lang='lat' dir='ltr'>etiarn</span> <span class='ocrx_word' id='word_1_542' title='bbox 602 4181 666 4236; x_wconf 88' lang='lat' dir='ltr'>Geo.</span> <span class='ocrx_word' id='word_1_543' title='bbox 684 4180 707 4249; x_wconf 91' lang='lat' dir='ltr'>I,</span> <span class='ocrx_word' id='word_1_544' title='bbox 726 4185 783 4235; x_wconf 77' lang='grc'><strong>451.</strong></span> <span class='ocrx_word' id='word_1_545' title='bbox 802 4180 839 4234; x_wconf 90' lang='lat' dir='ltr'>ibi</span> <span class='ocrx_word' id='word_1_546' title='bbox 859 4199 892 4236; x_wconf 91' lang='lat' dir='ltr'>ue</span> <span class='ocrx_word' id='word_1_547' title='bbox 910 4181 1014 4237; x_wconf 87' lang='lat' dir='ltr'>sdnctt.</span> <span class='ocrx_word' id='word_1_548' title='bbox 1034 4182 1062 4237; x_wconf 89' lang='lat' dir='ltr'>et</span> <span class='ocrx_word' id='word_1_549' title='bbox 1080 4183 1146 4236; x_wconf 79' lang='lat' dir='ltr'>Aen.</span> <span class='ocrx_word' id='word_1_550' title='bbox 1164 4181 1218 4245; x_wconf 90' lang='lat'>111,</span> <span class='ocrx_word' id='word_1_551' title='bbox 1240 4186 1304 4239; x_wconf 80' lang='grc'><strong>266.</strong></span> <span class='ocrx_word' id='word_1_552' title='bbox 1325 4215 1357 4226; x_wconf 89' lang='grc'>-</span> 
     </span>
     <span class='ocr_line' id='line_1_54' title="bbox 168 4248 1358 4318; baseline 0.005 -15"><span class='ocrx_word' id='word_1_553' title='bbox 168 4268 204 4303; x_wconf 78' lang='lat' dir='ltr'>oe</span> <span class='ocrx_word' id='word_1_554' title='bbox 223 4251 359 4316; x_wconf 80' lang='lat' dir='ltr'>ordine,</span> <span class='ocrx_word' id='word_1_555' title='bbox 377 4249 510 4318; x_wconf 85' lang='lat' dir='ltr'>deinceps,</span> <span class='ocrx_word' id='word_1_556' title='bbox 529 4249 610 4303; x_wconf 90' lang='lat' dir='ltr'>aliam</span> <span class='ocrx_word' id='word_1_557' title='bbox 630 4264 726 4303; x_wconf 75' lang='lat' dir='ltr'>navent</span> <span class='ocrx_word' id='word_1_558' title='bbox 746 4252 810 4317; x_wconf 90' lang='lat' dir='ltr'>post</span> <span class='ocrx_word' id='word_1_559' title='bbox 865 4266 916 4304; x_wconf 89' lang='lat' dir='ltr'>am.</span> <span class='ocrx_word' id='word_1_560' title='bbox 952 4248 1012 4303; x_wconf 87' lang='lat' dir='ltr'>Vid.</span> <span class='ocrx_word' id='word_1_561' title='bbox 1032 4248 1067 4303; x_wconf 90' lang='lat' dir='ltr'>ad</span> <span class='ocrx_word' id='word_1_562' title='bbox 1086 4249 1148 4305; x_wconf 87' lang='lat' dir='ltr'>Geo.</span> <span class='ocrx_word' id='word_1_563' title='bbox 1167 4249 1220 4318; x_wconf 94' lang='lat' dir='ltr'>III,</span> <span class='ocrx_word' id='word_1_564' title='bbox 1240 4255 1303 4308; x_wconf 82' lang='grc'><strong>341.</strong></span> <span class='ocrx_word' id='word_1_565' title='bbox 1329 4258 1358 4309; x_wconf 90' lang='lat' dir='ltr'>et</span> 
     </span>
     <span class='ocr_line' id='line_1_55' title="bbox 168 4317 1359 4390; baseline 0.007 -20"><span class='ocrx_word' id='word_1_566' title='bbox 168 4318 214 4384; x_wconf 89' lang='lat' dir='ltr'>IV,</span> <span class='ocrx_word' id='word_1_567' title='bbox 245 4322 304 4371; x_wconf 81' lang='lat'>507.</span> <span class='ocrx_word' id='word_1_568' title='bbox 340 4317 430 4372; x_wconf 85' lang='lat' dir='ltr'>Minus</span> <span class='ocrx_word' id='word_1_569' title='bbox 449 4319 522 4371; x_wconf 90' lang='lat' dir='ltr'>recto</span> <span class='ocrx_word' id='word_1_570' title='bbox 541 4317 626 4385; x_wconf 87' lang='lat' dir='ltr'>Heyn.</span> <span class='ocrx_word' id='word_1_571' title='bbox 651 4317 692 4370; x_wconf 87' lang='lat' dir='ltr'>ita</span> <span class='ocrx_word' id='word_1_572' title='bbox 710 4317 791 4385; x_wconf 89' lang='lat' dir='ltr'>capit,</span> <span class='ocrx_word' id='word_1_573' title='bbox 824 4320 874 4381; x_wconf 92' lang='lat' dir='ltr'>„ut</span> <span class='ocrx_word' id='word_1_574' title='bbox 892 4317 981 4387; x_wconf 88' lang='lat' dir='ltr'>priore</span> <span class='ocrx_word' id='word_1_575' title='bbox 1001 4333 1028 4371; x_wconf 89' lang='lat' dir='ltr'>rc</span> <span class='ocrx_word' id='word_1_576' title='bbox 1056 4317 1206 4390; x_wconf 84' lang='lat' dir='ltr'>sacrificiis]</span> <span class='ocrx_word' id='word_1_577' title='bbox 1225 4321 1359 4390; x_wconf 80' lang='lat' dir='ltr'>expedita</span> 
     </span>
     <span class='ocr_line' id='line_1_56' title="bbox 168 4384 1359 4456; baseline 0.006 -19"><span class='ocrx_word' id='word_1_578' title='bbox 168 4387 294 4440; x_wconf 87' lang='lat' dir='ltr'>continuo</span> <span class='ocrx_word' id='word_1_579' title='bbox 318 4385 353 4440; x_wconf 86' lang='lat' dir='ltr'>ad</span> <span class='ocrx_word' id='word_1_580' title='bbox 376 4386 491 4440; x_wconf 75' lang='lat' dir='ltr'>alteram</span> <span class='ocrx_word' id='word_1_581' title='bbox 511 4385 553 4454; x_wconf 88' lang='lat' dir='ltr'>[ed</span> <span class='ocrx_word' id='word_1_582' title='bbox 573 4384 714 4438; x_wconf 84' lang='lat' dir='ltr'>solvendas</span> <span class='ocrx_word' id='word_1_583' title='bbox 732 4386 823 4455; x_wconf 81' lang='lat' dir='ltr'>nares]</span> <span class='ocrx_word' id='word_1_584' title='bbox 843 4386 978 4456; x_wconf 83' lang='lat' dir='ltr'>progressi</span> <span class='ocrx_word' id='word_1_585' title='bbox 1001 4386 1042 4438; x_wconf 86' lang='lat' dir='ltr'>siu</span> <span class='ocrx_word' id='word_1_586' title='bbox 1058 4389 1084 4440; x_wconf 82' lang='lat'>.“</span> <span class='ocrx_word' id='word_1_587' title='bbox 1120 4385 1193 4441; x_wconf 84' lang='lat' dir='ltr'>Serv.</span> <span class='ocrx_word' id='word_1_588' title='bbox 1214 4391 1310 4445; x_wconf 88' lang='lat' dir='ltr'>antem</span> <span class='ocrx_word' id='word_1_589' title='bbox 1330 4395 1359 4446; x_wconf 88' lang='lat' dir='ltr'>et</span> 
     </span>
     <span class='ocr_line' id='line_1_57' title="bbox 167 4452 1360 4525; baseline 0.007 -20"><span class='ocrx_word' id='word_1_590' title='bbox 167 4453 320 4523; x_wconf 79' lang='lat' dir='ltr'>Conington</span> <span class='ocrx_word' id='word_1_591' title='bbox 348 4471 379 4507; x_wconf 81' lang='lat' dir='ltr'>eo</span> <span class='ocrx_word' id='word_1_592' title='bbox 398 4453 496 4507; x_wconf 75' lang='lat' dir='ltr'>ordine</span> <span class='ocrx_word' id='word_1_593' title='bbox 515 4452 650 4522; x_wconf 80' lang='lat' dir='ltr'>explicant</span> <span class='ocrx_word' id='word_1_594' title='bbox 670 4468 718 4522; x_wconf 86' lang='lat' dir='ltr'>per</span> <span class='ocrx_word' id='word_1_595' title='bbox 736 4454 796 4515; x_wconf 88' lang='lat' dir='ltr'>rite,</span> <span class='ocrx_word' id='word_1_596' title='bbox 827 4458 859 4507; x_wconf 91' lang='lat' dir='ltr'>ut</span> <span class='ocrx_word' id='word_1_597' title='bbox 877 4470 959 4523; x_wconf 88' lang='lat' dir='ltr'>supra</span> <span class='ocrx_word' id='word_1_598' title='bbox 978 4469 1003 4505; x_wconf 85' lang='lat' dir='ltr'>v.</span> <span class='ocrx_word' id='word_1_599' title='bbox 1023 4458 1063 4507; x_wconf 84' lang='lat'>53.</span> <span class='ocrx_word' id='word_1_600' title='bbox 1082 4455 1110 4507; x_wconf 89' lang='lat' dir='ltr'>et</span> <span class='ocrx_word' id='word_1_601' title='bbox 1130 4453 1192 4518; x_wconf 92' lang='lat' dir='ltr'>VII,</span> <span class='ocrx_word' id='word_1_602' title='bbox 1224 4459 1298 4525; x_wconf 82' lang='lat'>139,</span> <span class='ocrx_word' id='word_1_603' title='bbox 1331 4461 1360 4513; x_wconf 89' lang='lat' dir='ltr'>et</span> 
     </span>
     <span class='ocr_line' id='line_1_58' title="bbox 170 4519 1360 4642; baseline 0.009 -72"><span class='ocrx_word' id='word_1_604' title='bbox 170 4519 212 4573; x_wconf 92' lang='lat' dir='ltr'>hic</span> <span class='ocrx_word' id='word_1_605' title='bbox 234 4521 341 4590; x_wconf 90' lang='lat' dir='ltr'>quidem</span> <span class='ocrx_word' id='word_1_606' title='bbox 360 4524 454 4601; x_wconf 80' lang='lat' dir='ltr'>nostra</span> <span class='ocrx_word' id='word_1_607' title='bbox 472 4521 702 4601; x_wconf 79' lang='lat' dir='ltr'>interpretatione¹</span> <span class='ocrx_word' id='word_1_608' title='bbox 713 4523 827 4600; x_wconf 78' lang='lat' dir='ltr'>probata</span> <span class='ocrx_word' id='word_1_609' title='bbox 844 4523 934 4642; x_wconf 43' lang='lat' dir='ltr'>(pulum</span> <span class='ocrx_word' id='word_1_610' title='bbox 953 4521 1036 4575; x_wconf 88' lang='lat' dir='ltr'>ceteri</span> <span class='ocrx_word' id='word_1_611' title='bbox 1054 4521 1215 4576; x_wconf 85' lang='lat' dir='ltr'>recentiores</span> <span class='ocrx_word' id='word_1_612' title='bbox 1236 4524 1360 4606; x_wconf 74' lang='lat' dir='ltr'>editores</span> 
     </span>
     <span class='ocr_line' id='line_1_59' title="bbox 169 4588 1359 4727; baseline 0.006 -23"><span class='ocrx_word' id='word_1_613' title='bbox 169 4590 671 4724; x_wconf 59' lang='lat' dir='ltr'>titt1:3⁰¹},tttip‘tfltitti</span> <span class='ocrx_word' id='word_1_614' title='bbox 677 4588 839 4710; x_wconf 56' lang='lat' dir='ltr'>,lidii</span> <span class='ocrx_word' id='word_1_615' title='bbox 854 4589 977 4719; x_wconf 58' lang='lat' dir='ltr'>velini·</span> <span class='ocrx_word' id='word_1_616' title='bbox 988 4593 1048 4710; x_wconf 55' lang='lat' dir='ltr'>ab?</span> <span class='ocrx_word' id='word_1_617' title='bbox 1051 4591 1228 4727; x_wconf 57' lang='lat' dir='ltr'>&#39;tebit</span> <span class='ocrx_word' id='word_1_618' title='bbox 1231 4594 1359 4717; x_wconf 61' lang='lat' dir='ltr'>&gt;etii</span> 
     </span>
    </p>
   </div>
   <div class='ocr_carea' id='block_1_7' title="bbox 0 0 1434 4964">
    <p class='ocr_par' dir='ltr' id='par_1_11' title="bbox 0 0 1434 4964">
     <span class='ocr_line' id='line_1_60' title="bbox 0 0 1434 4964; baseline 0 2"><span class='ocrx_word' id='word_1_619' title='bbox 0 0 1434 4964; x_wconf 95' lang='lat' dir='ltr'> </span> 
     </span>
    </p>
   </div>
  </div>
 </body>
</html>
