2872 4980
465 219 696 287 AENEIDOS
717 220 801 288 LIB.
823 221 882 289 III.
1199 229 1259 292 343

88 387 247 452 Erramus
269 385 397 473 pelago,
420 386 554 452 totidem
575 388 644 452 sine
663 387 769 452 sidere
790 399 912 457 noctes.

91 469 218 549 Quarto
241 481 330 534 terra
352 471 405 535 dic
428 472 567 556 primum
591 493 625 535 se
647 470 794 536 attollere
816 473 947 539 tandem
1209 487 1258 538 205

88 554 180 635 Visa,
203 555 333 640 aperire
354 552 467 640 procul
489 555 607 619 montis
630 577 669 618 ac
689 553 823 619 volvere
843 558 973 623 fumum.

88 636 172 701 Vela
194 636 324 718 eadunt,
346 639 442 701 remis
465 638 679 722 insurgimus;
700 636 788 702 hand
809 662 910 722 mora,
931 650 1051 707 nautae

88 719 214 784 Adnisi
236 729 386 807 torquent
405 743 537 807 spumas
559 731 590 784 et
612 720 742 785 caerula
762 735 906 789 verrunt.

91 802 262 867 Servatum
283 825 324 867 ex
344 804 440 869 undis
462 803 682 889 Strophadum
702 803 871 871 melitera
893 807 1033 894 primurn

89 886 277 973 Excipiunt.
320 886 521 975 Strophades
544 886 645 952 Graio
668 898 755 952 stant
775 891 904 955 nomine
925 890 1042 973 dietae,
1210 901 1260 952 215

89 1170 123 1225 59
143 1170 180 1249 II,
199 1173 255 1238 27.;
272 1188 434 1293 qnamppam
452 1175 535 1229 caece
551 1174 670 1242 calipius
688 1175 776 1228 minus
787 1174 1034 1243 reprehendendum
1052 1174 1159 1236 dixeris,
1178 1189 1260 1252 quarn

88 1240 201 1292 Doned
221 1248 321 1294 castra
384 1242 488 1294 aterum
510 1242 581 1312 quod
604 1243 704 1296 attinet
727 1241 762 1296 ad
788 1241 907 1311 πλοκήν,
929 1258 1011 1312 quarn
1033 1243 1112 1311 poen
1133 1241 1211 1294 finxit
1232 1241 1260 1293 in

88 1307 278 1363 iteratisrocc.
291 1309 388 1372 caecae,
406 1326 497 1377 caeca,
515 1343 548 1350 -
568 1327 700 1373 mamers,
720 1327 852 1378 mamus,
870 1340 902 1348 -
918 1311 1008 1376 undu,
1026 1312 1103 1363 unde
1129 1309 1163 1365 51.
1174 1308 1259 1361 simil·

87 1375 170 1428 limus
188 1375 262 1428 locus
281 1375 344 1430 Gen.
363 1376 403 1439 11,
426 1380 482 1431 194.
503 1380 531 1430 55
548 1377 624 1431 Iahn.
644 1377 680 1431 ad
701 1379 767 1432 Aen.
786 1378 812 1441 1,
835 1382 893 1432 552.
911 1396 937 1446 p.
955 1381 1014 1430 459.
1032 1377 1074 1431 59.
1093 1350 1129 1431 l1
1143 1409 1176 1416 -
1191 1373 1257 1435 204.

87 1443 162 1495 sine
178 1443 302 1496 sidere
318 1452 438 1497 noctes.
475 1444 515 1499 Of.
535 1446 606 1498 inira
623 1446 670 1509 VI,
688 1450 746 1500 534.
766 1445 916 1508 5581191,
940 1449 993 1499 150.
1016 1446 1106 1498 tristes
1121 1444 1258 1497 55551555

86 1513 221 1563 tenebrae.
254 1542 285 1548 -
307 1511 373 1564 Post
398 1528 421 1567 v.
445 1516 501 1567 294,
538 1513 645 1567 Servius
666 1512 694 1566 in
717 1513 878 1582 quibusdam
900 1513 978 1566 libris
999 1512 1102 1566 invenit
1125 1512 1175 1565 hos
1199 1513 1262 1564 tres

88 1595 181 1632 versus
203 1577 246 1631 vel
267 1579 342 1632 uncis
363 1579 481 1633 inclusos
502 1580 544 1634 vel
566 1584 642 1634 extra
665 1581 785 1635 ordinem
812 1581 839 1634 in
857 1581 981 1634 inferiore
998 1581 1119 1649 margine
1137 1578 1255 1647 positos:

89 1646 167 1698 Hinc
189 1645 304 1716 Pelopis
325 1654 415 1715 pentes
437 1647 548 1701 Maleae
567 1666 601 1702 ue
622 1651 752 1703 55555555
781 1667 849 1702 sure
875 1648 1069 1716 Circumstant,
1095 1647 1206 1717 pariter
1232 1663 1258 1698 55

87 1714 178 1766 madae
195 1721 336 1782 5555554155
353 1715 499 1768 minentur.
604 1734 684 1769 antur
698 1717 786 1770 5555515
803 1723 828 1769 et
847 1717 1071 1770 cirennnnnmnr
1087 1715 1177 1768 55955.
1224 1712 1257 1767 59

86 1781 153 1834 baec
179 1782 212 1835 ab
237 1782 426 1851 interpolatore
449 1784 569 1852 protecta
592 1801 649 1838 esse
690 1788 757 1839 atet.
796 1784 856 1839 Vid.
880 1784 985 1837 adnott.
1008 1783 1043 1837 ad
1065 1784 1115 1847 VI,
1140 1785 1199 1836 289.
1226 1812 1257 1820 —

86 1846 153 1908 ⁸206.
181 1849 317 1928 aperire
336 1852 468 1970 procul
493 1858 635 1918 montes,
664 1801 727 1907 dare
757 1852 916 1921 adspectum
945 1852 1089 1914 montium,
1118 1848 1258 1904 ostendere

88 1920 193 1970 montes
212 1917 308 1979 oculis,
356 1935 400 1971 um
423 1918 451 1970 in
475 1921 646 1998 conspectum
669 1920 708 1972 illi
729 1920 849 1973 veniunt.
881 1919 941 1972 Vid.
962 1919 1033 1972 inira
1049 1919 1085 1972 ad
1104 1936 1127 1971 v.
1148 1921 1206 1971 275.
1226 1949 1252 1957 --

86 1986 229 2038 volvere
238 1988 381 2053 fumum,
404 1986 511 2055 ignibus
532 2004 560 2040 1n
582 1986 723 2041 domiciliis
746 1988 893 2041 incolarum
911 1986 1039 2049 incensis,
1065 1987 1135 2040 unde
1152 1985 1259 2039 conclu-

86 2053 150 2105 dere
168 2055 283 2121 pessunt
301 2053 419 2120 Troiani,
438 2071 490 2106 non
509 2056 612 2108 vastam
635 2058 663 2108 et
684 2055 818 2109 desertam
839 2057 1029 2119 emeterium,
1055 2054 1098 2108 cui
1115 2053 1259 2122 adpropin·
1290 2104 1292 2110 ,
1338 2049 1341 2058 ’

87 2123 181 2188 quent.
202 2120 246 2173 cf.
266 2121 344 2174 Hom.
362 2120 413 2176 Od.
426 2122 447 2187 1,
465 2125 506 2176 58.
524 2122 557 2182 Χ,
575 2127 618 2176 99.
636 2125 664 2176 55
677 2123 754 2178 Ovid.
771 2123 835 2176 Met.
850 2123 925 2190 XIII,
945 2126 1001 2177 691.
1020 2122 1161 2175 volumina
1172 2121 1258 2200 sumi.

87 2220 122 2228 -
138 2184 207 2246 297,
227 2188 331 2251 „Vela
350 2191 485 2256 cedunt,
506 2189 703 2254 demittuntur,
728 2192 773 2253 ut,
793 2191 1017 2258 quemadmodum
1036 2191 1067 2243 fit
1084 2190 1110 2242 in
1129 2189 1196 2242 locis
1214 2205 1259 2242 va·

87 2255 174 2317 dosis,
198 2256 280 2308 remis
303 2256 337 2309 ad
361 2259 461 2310 terram
484 2262 582 2338 agatur
607 2257 711 2312 navis.“
749 2259 836 2327 llepn.
863 2258 906 2311 Of.
930 2258 1007 2313 Ovid.
1028 2258 1103 2311 Fast.
1122 2257 1179 2318 III,
1201 2259 1259 2310 585.

93 2324 158 2376 Vela
176 2325 280 2376 cadunt
292 2325 386 2393 primo
404 2333 429 2377 et
445 2326 531 2378 drebm
549 2326 688 2379 librantur
705 2327 740 2380 ab
760 2345 840 2380 arira.
866 2357 898 2364 -
917 2326 1017 2378 remis
1035 2324 1257 2392 insurpimus,

85 2408 103 2444 a
124 2391 253 2444 transtris
275 2392 455 2460 assurgimus,
479 2395 511 2445 ut
532 2392 631 2446 maiore
653 2394 677 2445 vi
701 2397 728 2447 et
752 2394 813 2446 nisu
836 2393 916 2446 remis
939 2393 1092 2446 incumbere
1114 2392 1257 2460 possimus.

85 2458 168 2512 Redit
190 2458 242 2511 hoc
271 2458 343 2512 infra
369 2475 394 2513 v.
421 2463 478 2516 569,
505 2462 533 2514 55
559 2461 595 2521 V,
629 2464 683 2514 189.
723 2460 765 2514 91.
789 2461 872 2515 etiam
896 2460 955 2513 Val.
979 2460 1021 2513 nl.
1040 2459 1082 2527 11,
1112 2463 1150 2512 13.
1190 2459 1259 2512 Vela

83 2528 192 2594 555555·
209 2526 455 2594 rennimnrqienr
472 2529 528 2592 (ubi
547 2527 600 2581 vid.
618 2528 730 2592 Burni,
750 2527 873 2596 idemque
890 2528 916 2591 l,
942 2532 998 2581 459.
1039 2527 1163 2594 15555951
1183 2533 1258 2579 tran

83 2596 150 2647 stru
166 2602 192 2646 et
202 2611 277 2647 remo
287 2595 379 2647 Nerea
395 2605 493 2647 555551.
517 2595 602 2649 Rutil.
616 2596 638 2662 l,
657 2600 716 2649 499.
735 2594 803 2649 dixit
820 2595 900 2649 verbo
918 2594 1033 2664 simplici
1050 2595 1130 2648 remis
1140 2612 1258 2661 serpere.

86 2692 118 2699 -
137 2663 349 2721 5555155555,
368 2662 427 2715 scil.
446 2666 496 2730 est,
515 2663 555 2723 fit,
575 2663 593 2716 i.
610 2681 632 2717 5.
653 2664 709 2717 5155
727 2679 809 2716 mora.
843 2662 883 2716 Cf.
902 2661 966 2716 Geo.
983 2662 1031 2728 IV,
1049 2666 1106 2716 548.
1122 2663 1188 2715 Aen.
1206 2662 1257 2723 ΙΠ,

85 2732 143 2782 548.
166 2731 206 2791 V,
233 2733 362 2784 149368.
385 2730 435 2797 VI,
461 2734 515 2784 177.
540 2731 603 2793 VII,
635 2735 690 2785 156.
714 2730 774 2785 Vel.
797 2730 838 2783 Fl.
860 2729 899 2791 V,
923 2733 964 2782 60.
996 2729 1104 2783 Petron.
1129 2734 1170 2784 99.
1194 2730 1258 2783 cett.

84 2797 169 2851 Plene
185 2799 266 2850 baud
286 2800 316 2858 uc
336 2816 415 2850 mere
432 2796 531 2851 dicitnr
548 2799 613 2852 Aen.
631 2798 669 2859 X,
694 2802 750 2852 153.
781 2798 823 2851 cf.
842 2797 929 2850 Hand.
948 2797 1025 2850 Turs.
1044 2798 1091 2850 II.
1115 2813 1141 2865 p.
1164 2800 1204 2849 36.
1226 2827 1258 2835 -

83 2866 218 2930 adnisi,
241 2853 298 2918 scil.
320 2866 415 2926 remis,
439 2866 507 2920 bene
531 2865 564 2920 de
580 2866 627 2928 iis.
655 2866 700 2935 qni
724 2865 791 2919 totis
815 2864 917 2918 viribus
939 2865 1020 2918 remis
1044 2865 1204 2917 incumbunt
1229 2866 1258 2918 et

83 2935 194 2985 strenue
212 2933 355 3000 remIgant.
390 2933 493 2987 Nonius
512 2950 538 3002 p.
560 2938 619 2999 429,
639 2938 664 2986 4.
682 2937 711 2987 55
727 2938 786 2994 449,
806 2936 845 2986 21.
866 2932 955 2985 minus
973 2933 1041 2984 bene
1060 2932 1167 2993 555551,
1185 2931 1256 2999 quod

82 3000 169 3054 habet
185 2999 241 3052 vim
260 3004 354 3053 contra
369 3001 486 3064 nitendi,
512 3000 662 3056 resistendi.
698 3002 817 3055 Iteratur
834 3003 924 3054 autem
944 2999 1096 3053 hievernus
1114 2999 1167 3059 lV,
1190 3001 1257 3060 583,

83 3069 131 3121 nbi
150 3068 253 3136 pariter
270 3083 361 3122 omnes
378 3067 463 3121 codd.
481 3070 587 3122 arinini.
606 3100 639 3109 -
656 3076 825 3137 torquent,
852 3069 974 3127 versant,
997 3067 1118 3129 movent,
1141 3065 1256 3133 agitant,

81 3153 253 3256 ss’fflm'ss
263 3135 309 3214 Ol.⁸
323 3136 345 3194 Ι,
364 3140 404 3189 35.
425 3137 617 3256 -i-llcaerula
635 3144 782 3257 vprffist.
802 3135 921 3268 dlddelllr
931 3133 1068 3254 Vlergilipp
1085 3133 1257 3270 iffipeplps

139 3220 212 3256 msse
254 3219 311 3255 nnn
329 3220 420 3257 versus
469 3222 507 3266 os,
525 3221 591 3272 quos
609 3221 640 3257 ex
670 3244 676 3256 .
760 3246 765 3256 .
844 3220 871 3255 n.
914 3220 935 3255 r.
964 3220 1015 3271 .p.
1070 3246 1074 3254 .
1162 3245 1166 3255 .
1246 3231 1257 3241 ·

83 3271 139 3325 1555
162 3269 270 3325 Gellius
293 3270 333 3331 II,
362 3275 415 3325 tu:
449 3272 564 3325 Verrunt
589 3272 720 3340 adempto
742 3273 887 3341 placidum
913 3287 988 3322 merc
1009 3287 1145 3323 5555555555
1155 3269 1258 3389 &inum

84 3338 248 3391 Cumdeurn
265 3347 373 3408 epnrrnut
387 3339 448 3392 sule
464 3342 592 3405 conferta
610 3346 670 3391 rate
683 3340 801 3408 5555155.
830 3337 988 3392 simillimus
1001 3340 1043 3391 est
1060 3338 1141 3391 etiarn
1179 3336 1258 3389 atulli

80 3407 160 3459 locus
176 3406 273 3468 LXIV,
294 3411 317 3459 7.
339 3406 456 3459 0555555
473 3415 608 3460 verrentes
626 3407 748 3475 nbicqnn
765 3424 888 3475 (sequere
903 3407 1014 3475 peloris.
1049 3405 1113 3458 Voc.
1130 3406 1261 3457 emendi

83 3473 157 3527 hand
178 3490 240 3527 raro
260 3478 406 3542 usurpatur
424 3475 456 3528 de
478 3475 558 3537 mari,
582 3474 652 3542 quod
670 3474 712 3528 vel
731 3475 811 3528 remis
829 3474 872 3527 vel
891 3474 977 3526 ventis
995 3473 1117 3542 agitatur
1135 3472 1199 3538 (vid.
1219 3473 1258 3525 in-

84 3543 128 3594 ira
148 3557 173 3592 v.
192 3545 250 3595 299.
269 3542 317 3600 lv,
336 3544 394 3620 583.
413 3542 445 3606 V,
465 3546 523 3595 778.
541 3543 588 3603 VI,
607 3545 666 3621 329.
685 3541 761 3595 ond.
776 3543 836 3595 Am.
853 3542 875 3604 Ι,
894 3546 919 3605 9,
940 3544 979 3620 14.
998 3541 1139 3621 5555559555
1151 3559 1258 3594 eres-rere

81 3609 1258 3745 555511559115911559595.5555559513159.

83 3745 170 3797 etiam
186 3745 259 3797 intra
279 3744 324 3809 IV,
343 3748 399 3800 583.
419 3748 446 3797 55
458 3746 533 3807 Vlll,
556 3749 615 3798 922.
650 3744 793 3798 Praeterea
810 3745 844 3797 51.
858 3745 941 3798 Cicer.
960 3745 1058 3813 fragm.
1079 3745 1257 3812 ap.Noniu1n

82 3829 108 3880 p.
122 3816 180 3872 192,
194 3816 235 3865 29.
253 3830 329 3864 nuere
347 3813 508 3874 5555515555,
527 3813 597 3866 Stat.
616 3811 698 3865 Theb.
717 3813 767 3877 111,
787 3816 843 3867 259.
862 3821 961 3880 stupea
978 3813 1091 3865 5555595
1109 3814 1137 3865 55
1153 3812 1250 3864 adnott

81 3879 118 3933 sd
138 3879 202 3933 Geo.
223 3879 269 3941 IV,
289 3884 346 3933 388.
364 3910 398 3918 -
415 3877 477 3940 299.
500 3881 726 3949 Strophades,
749 3879 817 3934 duae
840 3897 936 3949 parvae
958 3879 1062 3933 insulae
1086 3879 1168 3932 maris
1190 3879 1260 3931 lonii

82 3948 156 4000 inter
174 3947 350 4015 Peloponnesi
369 3947 450 4001 litora
468 3953 496 4001 et
514 3948 679 4015 Zacynthum
699 3947 780 4007 sitae,
799 3964 880 4017 quae,
900 3948 963 4001 olim
983 3947 1077 4000 Plotae
1096 3945 1257 4014 appellatae,

82 4015 146 4067 inde
167 4016 202 4067 ab
224 4032 255 4067 co
273 4017 405 4083 ternpore,
428 4032 480 4085 555
526 4015 640 4085 repulsis
665 4032 695 4069 ox
712 4016 806 4069 Phinei
832 4031 914 4083 regno
937 4015 971 4068 ad
989 4030 1035 4068 555
1053 4029 1136 4082 usque
1155 4013 1258 4065 insulas

84 4082 212 4150 Harpyiis
233 4083 309 4137 Zetes
335 4087 364 4136 et
380 4084 479 4144 951515,
505 4034 604 4137 lloreae
622 4083 680 4146 filii,
699 4082 761 4136 inde
780 4083 869 4136 tneor
890 4101 959 4151 anna
979 4081 1169 4147 dupiniana,
1188 4079 1258 4132 dice-

83 4152 185 4203 bantur
203 4151 380 4220 eropn'dsc,
399 4168 468 4205 nunc
487 4151 614 4204 Serenae.
650 4149 710 4204 Vid.
730 4150 851 4219 Apellen.
901 4190 907 4210 ,
926 4153 974 4202 285
986 4151 1069 4201 5296.
1089 4147 1155 4199 eth
1177 4147 1257 4199 ollod.

82 4218 106 4282 1,
125 4224 151 4279 9,
171 4221 211 4280 21,
231 4234 292 4270 cum
311 4219 406 4287 lleynii
424 4219 530 4273 aduott.
547 4238 573 4287 p.
593 4223 623 4271 77
643 4236 700 4286 sqq.
720 4219 788 4271 (liris
806 4235 831 4271 v.
848 4221 905 4270 411.
938 4215 1015 4270 Ouid.
1027 4217 1090 4268 Met.
1104 4165 1257 4293 11119555.

83 4289 151 4338 cett.
170 4288 197 4338 55
215 4287 283 4338 liber
303 4303 377 4339 nicus
394 4304 486 4353 geogr.
505 4287 556 4340 Ill.
576 4302 601 4353 p.
625 4289 696 4340 1916.
715 4318 746 4324 -
765 4293 855 4337 stant
871 4285 1004 4351 Wagncro
1023 4283 1055 4335 de
1075 4283 1258 4350 perpetuitate

84 4353 201 4406 55555515
220 4354 423 4418 intelligendum
444 4355 557 4416 videtur,
577 4354 637 4407 coll.
657 4353 716 4406 Val.
730 4352 771 4406 sl.
785 4353 860 4414 VIII,
881 4355 937 4404 211.
974 4351 1070 4403 155555
1086 4350 1259 4404 8555555555

86 4422 529 4491 15555515155555555555111555.
566 4421 715 4486 Iradcwigio
738 4422 828 4472 autern
855 4421 933 4486 poeta
954 4417 1003 4471 boc
1029 4416 1118 4470 dicere
1137 4418 1257 4471 videtur:

85 4490 255 4558 eraruquaru
274 4490 375 4543 Gracco
394 4491 500 4543 nomine
518 4487 681 4557 Strophades
702 4486 730 4549 (i.
748 4504 771 4541 5.
792 4503 820 4539 55
839 4490 991 4546 moventes,
1011 4486 1200 4552 circumactae)
1218 4486 1257 4539 di·

84 4559 310 4617 ‹·uutur,ta1uen
344 4561 419 4611 stant
444 4559 519 4612 lirae.
544 4588 574 4596 -
604 4554 665 4616 219.
690 4555 888 4624 Euelpinnt,
919 4554 988 4623 quod
1017 4553 1069 4607 iarn
1101 4555 1260 4623 probaverat

84 4623 162 4676 lslsn.
182 4624 216 4678 ad
226 4625 288 4678 Geo.
299 4626 320 4689 1,
342 4630 409 4688 349,
429 4642 592 4695 quamquam
605 4624 739 4691 Vergilius
753 4623 910 4693 (accipienti
922 4624 1032 4676 verbum
1045 4640 1091 4691 pro
1104 4623 1260 4692 crespinus·
