2872 4980
213 217 273 281 346
537 214 572 280 Ρ.
594 211 783 280 VERGILI
802 209 1002 278 MARONIS

212 378 387 462 Inmund03
408 389 476 445 tum
497 401 564 444 vox
586 388 724 444 taetrum
746 377 819 443 dira
840 379 924 443 inter
945 376 1088 443 odorem.

212 463 353 527 Rursum
373 461 407 526 in
430 485 560 528 secessu
580 461 677 547 longo
697 461 756 526 sub
779 484 860 610 rupe
883 470 1000 526 cavata

211 545 408 693 ‘Arboribus
431 545 532 612 clausi
555 547 675 610 circum
697 555 794 632 atque
838 544 1021 611 orrentibus
1044 542 1185 622 umbris]

229 631 404 694 astruimus
427 652 554 694 mensas
575 632 641 694 aris
666 651 706 694 ue
728 632 914 728 reponimus
936 630 947 691 i
971 649 1061 692 nem:

212 712 351 776 Rursum
375 735 416 776 ex
438 712 567 778 diverso
590 652 672 778 caeli
694 734 863 799 caecisque
884 651 1017 776 laterinis

213 793 326 859 Turba
348 818 466 860 sonans
489 795 645 883 praedam
666 795 806 883 pedibus
828 793 1039 860 circumvolat
1060 795 1165 875 uncis,

212 877 331 942 Polluit
353 902 408 944 ore
426 878 536 966 dapes.
582 879 686 945 Sociis
707 889 794 959 tune,
817 901 908 943 arma
930 886 1115 964 capessant,

212 960 326 1043 Edico,
346 970 377 1025 et
399 960 470 1027 dira
492 962 610 1027 bellum
634 984 706 1027 oum
729 972 825 1046 gente
846 960 1033 1048 gerendum.
1334 970 1376 1020 235

212 1044 312 1108 Haud
334 1068 426 1110 secus
449 1068 488 1111 ao
509 1047 590 1111 iussi
610 1047 735 1110 faciunt
755 1055 922 1132 tectosque
943 1068 1002 1131 per
1023 1042 1161 1108 herbam

212 1126 399 1213 Disponunt
422 1152 515 1194 enses
534 1140 566 1194 et
588 1138 680 1194 scuta
700 1127 834 1193 latentia
856 1128 1007 1194 condunt.

211 1316 420 1326 —-—-—-

112 1449 113 1455 ¹
211 1431 301 1484 locum
319 1431 446 1485 auferunt
463 1435 472 1498 (
492 1432 545 1486 uod
562 1437 634 1488 esset
651 1435 812 1505 deripiant).
847 1435 890 1489 Cf.
910 1435 1012 1489 aduott.
1031 1435 1065 1489 ad
1082 1434 1148 1489 Geo.
1167 1433 1205 1493 Π,
1226 1436 1253 1485 8.
1271 1430 1377 1486 etlahn

211 1498 276 1552 ibid.
295 1515 321 1566 p.
342 1503 401 1553 405.
420 1450 514 1554 edil.
535 1531 565 1537 —
582 1499 648 1562 228.
667 1511 731 1556 tum
750 1521 802 1556 non
821 1506 863 1557 est
876 1511 983 1574 posteo,
1003 1503 1050 1557 sed
1088 1519 1176 1570 orto,-
1199 1500 1305 1555 accedit
1321 1497 1378 1551 odor

211 1569 281 1620 teter
299 1571 326 1619 et
345 1583 393 1620 vox
411 1567 534 1631 (stridor)
552 1569 619 1622 dira.
655 1572 694 1624 De
712 1572 792 1626 verbo
810 1571 909 1624 omisso
929 1570 962 1624 cf.
982 1521 1089 1624 adnoti’.
1108 1569 1144 1622 ad
1163 1570 1231 1622 Aen.
1252 1568 1302 1626 IV,
1327 1569 1376 1617 2⁰2.

216 1666 240 1672 -
261 1631 325 1694 229.
351 1636 389 1687 in
411 1653 548 1688 secessu
572 1637 675 1706 lonpo
696 1642 760 1693 cett.
796 1639 863 1693 Vide
882 1639 982 1692 similes
999 1638 1071 1691 locos
1089 1638 1118 1698 Ι,
1145 1642 1195 1689 159
1214 1655 1247 1706 sq
1269 1638 1319 1689 .et
1335 1638 1379 1685 ³10

211 1720 270 1824 ri·
291 1735 319 1823 ῑ
337 1698 401 1823 tel
422 1704 790 1832 samareum
810 1707 989 1829 tuear
1009 1721 1126 1826 uma
1150 1654 1376 1826 fuine

212 1787 264 1892 seeo.
283 1812 330 1908 pio
349 1840 440 1892 clausi
457 1812 538 1909 (qrmd
557 1790 770 1910 priviletereplirres
784 1790 1073 1961 'dodd.''etia1ii¹}ilss.
1091 1790 1175 1893 rPlletri
1194 1789 1223 1908 ἒ).
1246 1843 1285 1892 15.
1304 1853 1378 1900 aeno·

212 1906 273 1969 scit)
291 1905 434 1961 exhibeant
447 1909 578 1971 eloacam,
596 1908 736 1963 lectionem
750 1909 793 1962 hic
806 1910 878 1962 omni
889 1925 969 1963 sensu
1003 1909 1154 1970 estitutam,
1171 1910 1268 1976 (quare
1279 1909 1305 1960 in
1317 1903 1377 1959 lled.

211 1975 290 2028 litera
314 1993 340 2026 m
364 1978 464 2044 puncto
484 1977 651 2044 superposito
675 1981 703 2031 et
727 1977 753 2029 in
773 1976 842 2030 Gud.
868 1976 965 2030 lineola
986 1977 1080 2030 subter
1102 1975 1187 2029 ducta
1206 1979 1329 2033 notatur,
1354 1974 1378 2026 in

211 2043 272 2096 aliis
291 2045 380 2096 autem
399 2043 482 2096 Codd.
506 2060 567 2096 vere
585 2044 679 2097 clareo
697 2045 825 2112 legitur),
844 2047 970 2164 apparet,
989 2043 1060 2097 huno
1079 2059 1184 2097 versum
1207 2043 1291 2096 invit)
1306 2045 1379 2121 poete

212 2128 243 2164 ex
260 2111 282 2165 Ι.
302 2115 360 2163 311.
379 2110 431 2163 huc
449 2127 507 2163 esse
528 2112 702 2176 translatum,
721 2128 803 2181 quare
822 2128 839 2165 a
890 2112 1000 2167 bbeckio
1017 2112 1044 2163 iu
1062 2112 1218 2179 marginem
1236 2111 1378 2163 inienorem

211 2178 343 2238 reficitur,
370 2196 387 2231 a
417 2179 493 2231 uobis
523 2181 613 2232 autem
645 2184 673 2233 et
703 2180 809 2234 Laden.
832 2196 881 2249 pro
908 2196 979 2233 more
1005 2181 1099 2232 nostro
1126 2179 1204 2232 uncis
1232 2177 1378 2231 includitur.
1421 2187 1422 2190 ’

212 2246 260 2297 Vix
279 2244 350 2298 enim
368 2245 403 2299 ad
422 2246 493 2298 hune
512 2263 616 2300 versum
634 2248 766 2327 pertinere
792 2246 900 2314 dixeris,
918 2263 985 2316 quae
1007 2247 1042 2301 ad
1057 2247 1114 2300 Ecl.
1137 2247 1175 2308 V,
1201 2250 1246 2299 37.
1265 2246 1378 2315 disputa-

211 2313 298 2365 vimus
320 2314 353 2366 de
376 2313 497 2367 versibus
525 2330 542 2367 a
567 2316 686 2394 Vergilio
710 2317 749 2369 ita
772 2315 907 2379 metitis,
937 2317 969 2368 ut
990 2314 1121 2383 quaedam
1145 2314 1300 2383 paullulum
1326 2330 1377 2365 mu·

174 2390 175 2393 ’
210 2382 270 2433 tata
287 2384 448 2448 appareant;
468 2397 549 2451 quare
567 2382 718 2451 Conington
738 2399 772 2451 pa
814 2382 1038 2436 oiuconsultius:
1058 2382 1161 2447 „Rau
1182 2383 1266 2435 omits
1283 2401 1305 2435 a.
1324 2384 1375 2434 230.

211 2448 323 2500 without
346 2450 513 2518 amlordyf‘
541 2482 572 2488 —
597 2446 660 2509 231.
683 2469 763 2504 arae
780 2451 820 2503 He
840 2468 865 2503 n.
888 2468 936 2519 pro
955 2450 1020 2503 locis
1038 2436 1141 2529 posiffls
1160 2449 1263 2511 habet;
1286 2450 1377 2503 rectius

211 2533 273 2569 vero
292 2516 389 2571 Wund.
407 2534 455 2586 pro
475 2518 513 2571 rie
532 2518 618 2571 dictas
636 2520 672 2585 et,
692 2536 753 2572 oum
765 2536 795 2572 er
837 2519 919 2572 umeri
941 2518 1103 2571 carmimbus
1121 2517 1149 2569 in
1168 2516 1206 2570 da
1225 2519 1286 2571 ibus
1303 2534 1377 2586 apps-

212 2583 304 2637 randis
322 2534 485 2664 diisndebilja
501 2586 529 2664 in
548 2587 602 2639 aris
616 2603 673 2640 sem
692 2587 787 2640 eriere
800 2586 893 2639 oblata
913 2602 971 2639 esse
990 2587 1103 2647 constet,
1125 2534 1308 2664 Vergilium
1327 2602 1376 2639 rem

210 2667 315 2704 sacram
333 2654 415 2705 totres
432 2653 609 2715 descnberet,
632 2671 655 2707 v.
674 2604 733 2708 ln.
751 2654 915 2707 oblationem
932 2654 1061 2721 portionis
1079 2653 1191 2706 deorum
1210 2670 1336 2706 omissam
1354 2655 1378 2705 et

210 2719 327 2772 hocloco
338 2720 431 2788 paucis
442 2723 550 2773 tantum
561 2725 736 2775 memoratam
747 2738 804 2776 esse
815 2725 914 2782 censet,
925 2723 957 2775 ut
966 2721 1050 2789 igitur
1058 2721 1168 2774 verbum
1181 2723 1339 2790 reponimus
1347 2720 1378 2773 ad

210 2787 237 2840 id
257 2805 269 2839 s
289 2789 368 2849 estet,
387 2788 457 2856 quod
475 2789 558 2841 semel
576 2789 630 2842 iam
647 2790 750 2842 factum
767 2790 812 2842 sit.
848 2789 889 2842 Cf.
910 2789 991 2842 etiam
1001 2789 1105 2843 adnott.
1124 2786 1160 2842 ad
1173 2789 1239 2842 Geo.
1255 2789 1305 2849 IIl,
1324 2792 1377 2840 521.

211 2885 244 2892 -
263 2803 387 2908 derorum
405 2859 467 2924 post
484 2857 572 2924 ipnem
590 2873 651 2910 cum
660 2857 753 2924 Wagn.
767 2856 850 2910 Colon
868 2856 1005 2924 posuimus
1016 2855 1191 2924 proPuncto,
1211 2856 1282 2925 quod
1303 2856 1378 2924 vulp)

211 2923 333 2986 additur;
352 2923 401 2977 hoo
421 2924 491 2977 enim
509 2924 632 2992 flagitare
652 2926 774 2978 mutuam
792 2925 923 2977 rationem
942 2925 1012 2977 inter
1030 2924 1128 2992 duplex
1139 2924 1265 2977 Rursum
1284 2940 1308 2977 r.
1326 2928 1379 2977 229.

211 2994 239 3045 et
257 2995 313 3044 232.
331 2991 553 3054 intercedentem,
572 2992 638 3045 bene
675 2992 790 3061 erspexit
808 2991 855 3044 Vir
873 2992 957 3058 doct,
976 2990 1021 3060 qui
1039 2991 1133 3044 eadem
1157 2991 1192 3045 de
1223 3008 1306 3045 causa
1322 2994 1379 3061 post

210 3059 288 3110 uocis
305 3076 330 3110 v.
349 3063 405 3112 233.
440 3059 579 3113 Commate
602 3010 709 3121 incidit,
732 3075 783 3112 non
802 3059 944 3122 SemicolO,
972 3075 1033 3112 oum
1055 3059 1088 3111 ad
1104 3058 1212 3128 polluit
1229 3077 1259 3113 ex
1278 3065 1378 3113 autece-

212 3127 337 3179 deutibus
355 3128 529 3206 repetendum
549 3128 586 3179 sit
603 3146 718 3180 rursum.
754 3127 855 3192 (Etiam
876 3127 957 3180 ceteri
982 3126 1142 3180 recentiores
1164 3127 1284 3181 editores
1303 3128 1334 3179 W
1368 3157 1378 3168 -

211 3211 304 3247 nerum
323 3194 351 3246 in
369 3194 559 3258 drstingueudo
576 3195 632 3248 loco
650 3198 723 3248 recte
742 3196 910 3263 sequuntur.)
932 3227 964 3234 -
982 3191 1048 3252 232.
1069 3212 1107 3247 ee
1124 3196 1269 3247 diverso
1289 3192 1331 3261 (ut
1373 3237 1379 3256 ,

212 3265 278 3326 716.)
297 3263 391 3314 coeli
408 3279 456 3381 pro
474 3278 504 3315 ex
522 3262 626 3316 diverso
644 3263 716 3316 caelo
735 3280 755 3316 s.
770 3280 801 3316 er
818 3262 924 3316 diversa
941 3261 1009 3315 caeli
1034 3263 1119 3330 parte.
1164 3262 1205 3317 De
1230 3280 1284 3330 quo
1306 3263 1380 3316 Adie-

211 3330 341 3382 otivorum
355 3346 407 3382 neu
422 3347 450 3382 ro
464 3346 560 3395 genere
595 3348 624 3382 ro
642 3329 825 3384 substantivis
862 3330 990 3382 ositorum
1009 3346 1060 3382 usu
1077 3332 1186 3398 praeter
1205 3347 1245 3390 ea,
1267 3346 1336 3398 quae
1350 3331 1381 3382 de

211 3397 313 3450 Plumli
331 3396 365 3449 ad
383 3397 447 3451 Geo.
466 3398 489 3458 Ι,
508 3401 566 3451 393.
615 3437 621 3459 ,
640 3402 698 3452 284.
719 3401 747 3451 et
763 3399 828 3451 Aen.
843 3348 868 3458 l.
890 3401 947 3450 310.
968 3397 1173 3466 disputavimus,
1193 3396 1227 3450 de
1246 3399 1294 3450 Sin

212 3463 271 3516 vide
288 3464 419 3518 Vechueri
438 3464 602 3519 Hellenolex.
621 3466 650 3528 Ι,
669 3469 693 3530 2,
712 3469 735 3519 9.
754 3481 779 3533 p.
798 3469 847 3518 202
865 3482 924 3533 sqq.
944 3464 1024 3519 Drak.
1044 3464 1077 3517 ad
1097 3464 1155 3517 Liv.
1175 3465 1250 3518 XXX
1313 3507 1320 3526 ,

1343 3471 1379 3517 5⁶3.

212 3533 279 3584 extr.
304 3532 406 3585 Hertel.
428 3532 462 3585 ad
485 3533 547 3587 Tac.
572 3534 637 3601 Agr.
663 3550 685 3587 o.
704 3537 727 3585 6.
753 3534 781 3587 et
799 3536 839 3585 24.
858 3532 1020 3586 Boetticher.
1038 3533 1100 3586 Lex.
1121 3532 1208 3586 Tacit.
1229 3551 1254 3602 p.
1275 3538 1306 3586 34
1326 3551 1378 3602 sqq,

212 3599 294 3651 Kritz.
313 3599 347 3653 ad
366 3600 429 3653 Sall.
449 3601 506 3668 lug.
526 3605 567 3660 37,
586 3605 610 3654 4.
630 3601 711 3654 Bach.
730 3600 764 3654 ad
782 3600 857 3654 Ovid.
877 3601 940 3653 Met.
959 3601 996 3662 X,
1016 3603 1074 3653 368.
1095 3600 1224 3653 lluddim.
1243 3601 1280 3654 11.
1299 3619 1326 3670 p.
1342 3606 1379 3653 tl.

211 3669 267 3719 not.
286 3670 327 3719 52.
351 3667 498 3721 Weissenb.
517 3674 540 3729 ξ.
559 3672 617 3721 202.
634 3669 711 3722 alios.
729 3698 756 3706 -
778 3665 845 3727 234.
863 3667 952 3721 Verba
966 3667 1102 3721 Polluit
1120 3686 1176 3721 oro
1194 3671 1303 3737 dapes
1320 3669 1380 3735 legi·

212 3751 271 3787 mus
298 3735 379 3787 etiam
404 3734 432 3786 in
453 3735 536 3788 Antii.
555 3736 615 3789 Lat.
640 3735 666 3799 Ι,
693 3739 754 3802 168,
779 3739 819 3788 22.
843 3764 876 3771 -
895 3743 983 3795 tuac,
1003 3736 1020 3789 i.
1039 3752 1060 3788 c.
1080 3735 1131 3788 hoo
1149 3739 1287 3804 tempore,
1306 3753 1379 3790 nune.

211 3819 271 3855 eum
289 3802 386 3855 iterum
404 3803 539 3871 Harpyiae
556 3802 720 3857 accederent.
755 3803 875 3856 Primum
896 3804 965 3856 enim
984 3803 1290 3857 irmltaediscessemut.
1331 3804 1380 3857 Ne·

211 3871 272 3922 seio.
312 3869 425 3922 uomodo
438 3870 588 3991 Coniupton
606 3872 750 3924 contremo
768 3870 909 3940 disputans
922 3871 1083 3925 contendere
1101 3872 1198 3991 possit,
1217 3872 1261 3924 tic
1281 3874 1333 3926 iam
1349 3873 1380 3924 de

211 3939 291 3990 tertio
333 3938 484 4006 arpyiarum
499 3955 515 3992 a
535 3941 616 3992 ventu
630 3938 803 4006 cogitandum
821 3955 892 4002 esse;
911 3938 1001 4004 immo,
1019 3939 1099 3991 cumi
1123 3956 1154 3992 ao
1165 3940 1291 3993 iterum
1304 3941 1380 3993 also

211 4005 282 4067 lent,
310 4005 413 4058 Aeneas
432 4005 507 4060 iubet
523 4007 608 4059 socios
625 4024 700 4060 orma
719 4023 868 4075 capessere,
892 4022 960 4075 quse
977 4007 1003 4059 in
1022 4007 1145 4074 gramine
1164 4008 1333 4065 conduntur,
1355 4012 1380 4059 et

210 4091 269 4126 cum
289 4073 428 4127 tertium
447 4074 557 4127 veniant
574 4074 700 4144 delapsae
718 4091 753 4140 rr.
773 4076 851 4137 23S.t,
873 4091 963 4141 pugna
981 4091 1040 4127 cum
1055 4075 1087 4127 iis
1099 4075 1203 4143 incipit.
1227 4076 1268 4130 De
1279 4079 1381 4129 rnutats

211 4145 301 4194 autem
321 4142 519 4196 construetione
537 4161 634 4194 arma
651 4164 696 4196 eo·
719 4149 832 4197 cruorit
853 4150 884 4192 ct
908 4142 1028 4194 bellum
1053 4145 1237 4208 parendum
1261 4144 1313 4196 vid.
1336 4143 1380 4195 sd·

210 4212 279 4262 nott.
299 4208 334 4262 ad
365 4209 419 4263 nel.
451 4210 500 4266 VI.
527 4214 566 4261 74.
596 4210 658 4263 Geo.
687 4163 713 4268 f.
737 4217 778 4265 ⁶25.
808 4212 836 4261 et
859 4208 922 4261 Aen.
953 4209 992 4271 ll,
1016 4214 1040 4262 5.
1064 4229 1160 4262 arran
1189 4219 1379 4279 capessant.

212 4277 335 4337 Io'dr'eo,
355 4279 386 4329 ut
399 4278 431 4340 X,
452 4280 509 4329 258.
527 4277 620 4335 ecu'cir.
638 4279 717 4343 sipara
729 4285 886 4346 sequuntur.
906 4277 973 4329 Cum
993 4276 1070 4330 Infin.
1090 4280 1261 4332 construitur
1278 4280 1381 4330 aliem

211 4344 276 4397 Geo.
298 4345 348 4402 ΙΙΙ,
370 4349 426 4399 295.
448 4347 476 4397 et
493 4344 540 4406 Xl,
557 4348 614 4399 463.
640 4376 671 4383 -
692 4343 758 4406 236.
781 4345 870 4398 Verba
890 4344 1000 4396 Haud
1020 4363 1114 4398 scena
1143 4365 1188 4399 ac
1216 4347 1305 4399 irrasi
1319 4349 1379 4414 so·

212 4414 307 4463 cium
325 4413 352 4478 (i.
372 4430 394 4466 e.
413 4413 524 4473 faciunt,
544 4414 575 4465 ut
592 4412 751 4482 imperatum
770 4416 831 4474 esti,
846 4427 900 4465 una
916 4414 1023 4465 tantum
1044 4428 1107 4466 voce
1126 4416 1250 4471 mutata.
1271 4413 1381 4467 redeunt

207 4480 281 4532 infra
302 4496 324 4533 ν,
343 4484 400 4534 561,
422 4511 448 4519 -
469 4477 524 4540 237
552 4487 659 4533 tectos
676 4510 687 4521 ·
707 4511 717 4522 ·
739 4481 938 4548 Ilispoarrut
954 4496 1049 4532 enses
1076 4489 1105 4533 ct
1122 4491 1220 4534 acuta
1237 4482 1379 4533 lateralia

199 4551 366 4613 condant,
387 4550 403 4604 i.
425 4566 448 4604 e.
466 4548 624 4631 disponunt,
641 4552 674 4604 ut
690 4552 826 4616 leuantur,
842 4547 927 4601 etita
943 4546 1070 4610 condrmt,
1090 4552 1122 4601 ut-
1140 4550 1256 4602 lateaut.
1291 4548 1331 4601 ef.
1349 4548 1380 4599 de

191 4615 247 4670 lroe
263 4618 424 4690 proleptico
443 4619 659 4690 Partrcrpiorum
677 4622 706 4674 et
726 4615 925 4672 Xdiect'uorum
941 4630 996 4666 usu
1009 4614 1113 4668 aurion.
1128 4616 1166 4669 ad
1179 4617 1242 4669 Geo.
1262 4617 1301 4676 ll,
1324 4619 1378 4668 353.
