2872 4980
171 231 232 292 196
494 223 529 287 P.
551 218 740 286 VERGILJ
761 217 962 284 MARONIS

174 389 267 454 Heu!
290 389 410 453 misero
434 387 578 452 coniunx
600 386 711 453 fatone
732 395 847 472 erepta
868 383 997 449 Creusa

178 472 331 537 Substitit
352 472 516 536 erravitne
539 471 604 551 via,
628 491 685 533 seu
706 468 796 533 lassa
817 466 948 549 resedit,

174 556 351 630 Insertum3
372 576 433 619 nee
454 564 526 639 post
549 550 651 618 oeulis
674 563 722 617 est
743 551 873 616 reddita
895 550 1023 614 nostris.

175 639 245 703 Nee
267 639 358 724 prius
381 638 535 701 amissam
558 637 692 722 respexi
710 637 895 699 animumve
916 632 1039 713 reflexi,

175 720 281 802 Quam
302 719 461 786 tumulum
484 720 636 806 antiquae
660 718 789 784 Cereris
812 715 1179 803 sedemque'saeratam

176 987 334 1041 Flaminiae
351 987 427 1040 dices
444 987 478 1039 de
495 984 606 1052 regione
625 983 695 1038 viee.
714 983 799 1037 Rutil.
819 983 843 1050 1,
863 986 922 1038 593.
943 984 1010 1039 Oum
1027 984 1190 1039 F'tarniniae
1207 985 1358 1053 regionibns

175 1057 249 1108 irem.
274 1055 332 1108 Liv.
353 1054 430 1121 XXI,
457 1056 499 1106 31.
527 1059 603 1104 reeta
624 1069 655 1104 re
679 1052 735 1105 'ona
756 1053 808 1105 iter
834 1052 952 1106 instituit
975 1055 1003 1106 et
1027 1050 1166 1106 Sehiraeh.
1192 1070 1220 1122 p.
1247 1056 1305 1105 561.
1328 1083 1357 1090 -

178 1121 244 1183 738.
274 1122 383 1175 Mutata
410 1119 548 1174 sententia
570 1135 641 1172 nune
691 1118 811 1173 enrioum
836 1119 907 1184 (Tw.
930 1137 1012 1189 years
1029 1119 1066 1174 11.
1084 1137 1111 1189 p.
1134 1123 1191 1172 123.
1219 1123 1248 1173 et
1265 1119 1356 1172 Philol.

177 1190 226 1243 XI.
245 1208 270 1258 p.
292 1193 341 1243 623
359 1192 410 1259 sq.)
429 1196 456 1241 et
473 1187 640 1255 Kappesium
658 1187 695 1240 11.
735 1231 740 1240 .
759 1190 792 1240 46
813 1204 852 1256 sq.
874 1191 981 1242 secutus
1005 1187 1138 1256 coniunge
1164 1189 1248 1241 verba
1265 1189 1358 1240 misero

176 1260 240 1321 fato
263 1257 348 1325 (prius
371 1255 443 1310 enim
469 1271 530 1308 eum
553 1254 666 1322 Heynio,
718 1270 817 1322 aguero
834 1255 957 1324 aliisque,
984 1255 1081 1324 quibus
1100 1255 1185 1308 etiarn
1204 1255 1356 1324 Conington

181 1342 209 1378 se
228 1324 362 1393 adiungit,
382 1324 481 1376 redeo
500 1338 548 1390 pro
565 1321 662 1374 Dativo
682 1320 765 1375 habui
781 1322 817 1375 ad
830 1323 957 1376 omissum
971 1322 1120 1376 Pronomen
1134 1323 1204 1375 mebi
1214 1323 1358 1381 referendo)

176 1392 319 1461 locumque
332 1391 416 1446 Servii
429 1389 545 1458 vestigia
556 1404 680 1457 premens
693 1389 731 1442 sie
744 1389 857 1457 explico:
873 1391 958 1444 Estne
974 1391 1076 1444 Creusa
1097 1389 1196 1443 misero
1216 1390 1274 1443 fabo
1295 1390 1359 1457 (Ca-

175 1460 244 1524 felt)
256 1458 323 1512 mihi
340 1460 441 1525 erepta,
461 1456 524 1510 dnm
542 1460 590 1509 aut
600 1456 733 1520 substitit,
755 1460 804 1510 aut
823 1457 866 1510 via
883 1458 989 1519 erravit,
1010 1460 1059 1511 aut
1079 1457 1154 1510 lassa
1167 1453 1288 1511 resedit?
1306 1458 1357 1512 vel:

182 1527 296 1586 Creusa,
322 1526 419 1580 misero
445 1525 501 1578 fato
523 1522 590 1576 mihi
612 1526 716 1592 erepta,
736 1540 801 1577 num
822 1525 964 1586 substitit,
988 1541 1022 1579 an
1046 1525 1090 1577 via
1107 1525 1218 1588 erravit,
1239 1541 1272 1578 an
1291 1525 1360 1578 lassa

177 1593 298 1647 resedit?
327 1593 495 1661 Quamquam
517 1591 587 1643 enim
613 1608 665 1643 non
695 1591 832 1646 adsentior
860 1592 975 1646 Henrieo
1006 1591 1180 1646 contendenti
1205 1595 1275 1671 sato
1307 1594 1359 1645 sine

175 1660 294 1730 epitheto
313 1659 411 1729 frigere
431 1662 459 1712 et
478 1659 629 1712 Pronomen
647 1659 715 1710 mibi
732 1675 960 1727 supervacaneum
979 1660 1055 1714 reddi
1072 1660 1266 1714 Interiectrone
1288 1660 1357 1724 Heu,

175 1745 236 1782 vere
254 1731 346 1781 tamen
367 1744 427 1781 eum
446 1742 594 1779 memorare
612 1741 715 1787 censeo,
735 1728 854 1780 Aeneam
877 1727 920 1781 hie
945 1745 998 1781 non
1029 1726 1071 1779 sui
1092 1726 1186 1787 modo,
1212 1728 1260 1781 sed
1280 1728 1356 1780 etiarn

176 1797 292 1849 Creusae
312 1795 443 1848 rationem
463 1792 572 1846 habere.
608 1791 685 1857 Quod
704 1797 797 1847 autern
815 1795 916 1849 attinet
935 1795 969 1848 ad
981 1793 1135 1848 Particulas
1148 1795 1358 1862 interrogativas

174 1880 191 1916 e
214 1862 301 1930 poetis
319 1862 475 1997 promiscue
499 1863 659 1938 usurpatas,
687 1861 740 1915 vid.
766 1861 870 1915 adnott.
901 1863 936 1915 ad
957 1864 1021 1916 Aen.
1049 1861 1072 1924 Ι,
1098 1866 1159 1914 370.
1188 1867 1218 1916 et
1240 1863 1273 1915 de
1304 1862 1358 1915 loeo

176 1929 250 1983 Part.
268 1948 302 1982 oe
330 1946 411 1999 quam
428 1945 489 1982 eum
506 1928 630 1981 ommbus
650 1927 798 1981 editoribus
816 1934 926 1996 praeter
939 1929 1054 1989 Peerlk„
1069 1928 1199 1983 Ribbeck.
1215 1931 1244 1982 et
1256 1930 1356 1982 Laden.

177 1997 337 2050 servandam
356 2000 414 2052 esse
433 1994 575 2059 contendo)
594 2011 611 2048 a
628 1994 746 2064 Vergilio
764 1995 808 2048 hio
827 1997 880 2049 assi
920 2000 964 2049 ato
982 1997 1079 2065 Wagn.
1103 1996 1131 2048 in
1149 1996 1250 2051 Philol.
1269 1996 1356 2065 Suppl.

178 2065 199 2117 I.
220 2082 245 2132 p.
264 2068 322 2118 402.
358 2066 397 2118 De
415 2065 500 2117 totius
518 2064 609 2115 autem
627 2062 679 2115 loci
696 2079 816 2119 connexu
834 2068 862 2117 et
901 2064 1058 2131 ispositione
1076 2063 1184 2117 Aeneae
1205 2066 1357 2117 consterna·

178 2132 279 2184 tionem
300 2132 409 2200 egregie
429 2131 601 2200 exprimente,
621 2130 666 2198 qui
686 2146 738 2182 non
756 2132 865 2184 tantum
888 2132 1041 2185 resiaetas
1063 2131 1227 2199 simpliciter
1247 2135 1357 2189 enarret,

176 2198 222 2251 sed
245 2202 320 2252 arete
346 2215 408 2252 eum
424 2198 457 2251 iis
484 2196 630 2264 coniungat
661 2197 837 2266 cogitationes
867 2215 1014 2267 sensusque
1042 2215 1104 2251 suos
1135 2199 1239 2252 Creusa
1264 2200 1359 2252 amissa

176 2268 349 2332 provocatos,
374 2265 435 2326 vide
457 2281 524 2335 quae
544 2264 662 2332 Kappes
681 2264 699 2318 1.
720 2264 739 2319 l.
764 2265 904 2320 verissime
927 2266 1059 2335 disputat.
1096 2265 1237 2329 Quomodo
1255 2283 1357 2320 uxorem

176 2332 305 2392 amiserit.
336 2333 407 2386 inira
431 2332 540 2386 demum
568 2347 591 2384 ν.
622 2335 669 2384 777
697 2348 757 2403 sqq.
793 2333 897 2387 Aeneas
926 2334 1056 2402 comperit
1083 2333 1119 2385 ab
1151 2334 1238 2402 ipsius
1267 2334 1358 2387 umbra

177 2398 297 2452 edoctus.
318 2432 350 2440 —
370 2399 550 2468 Peerlkampii
568 2398 722 2453 coniectura
742 2400 824 2453 Heu!
841 2401 941 2454 misero
964 2401 1081 2455 cortinae
1104 2402 1169 2465 fato
1189 2406 1251 2465 (etat
1269 2409 1357 2522 effu

1315 2486 1357 2522 eu.

177 2466 288 2521 Creusa.
307 2466 434 2521 Substitit
451 2470 501 2521 ete.
521 2470 611 2536 (quam
653 2467 732 2520 rebat
748 2468 870 2521 Dietseh.
889 2469 981 2522 Theol.
1001 2469 1081 2535 Verg.
1099 2482 1127 2534 p.
1147 2471 1190 2521 23.
1212 2470 1240 2522 et
1257 2469 1278 2521 L

176 2534 250 2614 prius
268 2534 333 2588 adeo
352 2536 379 2588 in
399 2536 553 2614 contextum
570 2483 692 2612 reeeiiit),
711 2534 843 2604 quomodo
863 2536 994 2615 imprimis
1013 2552 1074 2588 oum
1096 2551 1121 2589 v.
1142 2539 1202 2588 756.
1228 2536 1358 2590 conciliari

175 2607 274 2680 possit,
304 2618 356 2681 nen
381 2619 524 2681 persprerm
554 2617 577 2653 sr
603 2617 674 2654 emm
703 2603 807 2655 Aeneas
832 2620 883 2656 non
907 2620 960 2656 ram
986 2603 1126 2656 dubitaret
1149 2604 1282 2657 Creusam
1307 2604 1359 2657 fato

177 2671 216 2733 (et
242 2671 401 2748 simpliciter
424 2669 533 2739 quidem
552 2668 655 2789 'fatipffl
671 2685 723 2747 noun
748 2669 845 2722 misero
866 2670 957 2751 aliquo
982 2671 1049 2732 fato)
1073 2670 1125 2722 sibi
1154 2674 1276 2740 ereptam
1297 2688 1358 2729 esse.

177 2740 510 2883 attestatae
656 2752 762 2883 aar
782 2737 1133 2875 tutaretur?
1148 2737 1257 2860 tat
1279 2755 1358 2859 ιιι

177 2872 419 2949 oentrssrmsedrt.
445 2889 507 2951 amp
520 2887 584 2924 erus
615 2876 657 2949 est
685 2871 784 2925 diserte
802 2872 936 2926 adnotans
958 2874 997 2926 mi
1021 2889 1081 2926 enm
1098 2873 1201 2951 raiae-o
1227 2890 1286 2927 esse
1303 2890 1358 2926 con·

177 2939 622 3084 attaediatus
630 2955 741 3060 indii
761 2938 1149 3074 ttttttttttttsstt
1163 2940 1359 3128 diffugiit

177 3079 377 3144 coniungantur
397 3074 441 3142 (ot.
461 3072 519 3127 Ecl.
537 3072 581 3134 Π,
604 3075 645 3126 58.
664 3077 705 3126 70.
731 3075 798 3127 Aen.
816 3074 852 3141 11,
875 3080 915 3129 70.
934 3075 967 3141 Χ,
986 3078 1057 3141 819.)
1080 3107 1112 3114 ·—-
1137 3075 1211 3129 Wun
1234 3119 1239 3128 .
1260 3076 1360 3129 Indica·

177 3141 247 3194 titos
269 3143 395 3204 substitity
418 3141 534 3203 erevit,
558 3140 661 3194 resedit
682 3156 713 3194 ex
733 3140 897 3195 Graecomm
919 3159 992 3197 more
1016 3158 1064 3210 pro
1082 3141 1269 3196 Coniunctivis
1288 3160 1360 3197 usur·

178 3212 258 3277 patos
283 3211 386 3273 censet,
414 3226 474 3263 oum
499 3225 516 3262 a
539 3207 628 3260 verbis
647 3208 778 3261 incertum
796 3217 835 3261 eet
850 3209 994 3278 pendeant.
1029 3209 1080 3263 Sed
1102 3226 1155 3263 non
1179 3226 1248 3279 opus
1266 3214 1316 3272 est,
1334 3215 1361 3263 ut

178 3275 213 3328 ad
239 3275 423 3331 Graecismurn
453 3275 649 3343 confugiamus,
671 3275 694 3328 si
712 3275 855 3338 sumimus,
875 3293 900 3331 v.
921 3280 978 3331 738.
1001 3280 1029 3330 et
1047 3279 1104 3330 739.
1123 3293 1178 3330 non
1197 3294 1286 3332 aroc.
1317 3279 1360 3330 Io-

177 3349 279 3396 rertum
302 3344 431 3413 pendere,
456 3342 504 3397 sed
532 3359 580 3412 per
604 3359 633 3396 se
660 3358 718 3396 esse
745 3344 929 3412 accipiendos,
956 3347 988 3398 ut
1010 3344 1164 3399 absolutam
1198 3347 1362 3399 constituant

179 3410 437 3478 interrogationem,
464 3411 499 3465 ad
517 3426 597 3488 quam
615 3411 735 3489 Aeneas·
761 3411 821 3464 nasi
845 3412 1005 3481 respondeat
1021 3410 1113 3465 addito
1132 3429 1191 3466 roc.
1211 3413 1361 3466 lacertam·

175 3476 256 3555 plane
286 3480 318 3530 nt
335 3480 419 3533 etiarn
441 3495 489 3532 nos
510 3477 664 3547 loqurmur:
694 3427 765 3531 boii
786 3479 827 3532 aie
843 3479 955 3541 sordet,
981 3480 1095 3533 υιινὲννιι
1112 3479 1153 3532 eie
1170 3479 1230 3534 eici
1243 3511 1255 3521 -
1269 3482 1305 3532 -t
1323 3453 1362 3533 ici

175 3560 254 3598 wana
287 3562 315 3598 ee
335 3547 429 3626 reicit.¹
455 3545 526 3612 (Non
548 3552 640 3624 tamen
663 3544 769 3624 videtur
787 3562 853 3614 opus
870 3563 941 3611 esse,
968 3551 1000 3599 nt
1021 3562 1082 3600 eum
1101 3545 1193 3626 Gossr.
1213 3550 1241 3602 et
1261 3547 1362 3601 Laden.

196 3612 378 3731 ostkreaedat
408 3632 421 3666 s
457 3629 517 3734 'unp‘
551 3615 943 3733 ruperrpgaxtronrslponamus
976 3630 1139 3734 quamlquam
1168 3614 1240 3668 rdem
1270 3614 1362 3693 suadet

174 3689 715 3826 sttru.d...tt.t.0t1‚u:
749 3722 755 3735 ·
797 3685 1161 3811 {¹3⁵25⁰{t¹¹.²d1dtm¹,⁸⁰td
1179 3687 1362 3804 tuditi

179 3812 344 3867 Graecorum
376 3816 526 3885 exemplum
554 3831 582 3867 ιιι
609 3818 730 3868 oratione
758 3815 890 3870 indirecta
917 3816 1067 3870 Indieativo
1092 3832 1157 3870 usos
1195 3833 1254 3871 esse
1288 3818 1364 3886 volgo

176 3880 331 3935 ninantur.
351 3881 394 3936 ef.
413 3883 495 3937 etiam
515 3882 619 3936 adnott.
639 3880 673 3934 ad
691 3882 746 3936 Eol.
767 3882 814 3951 1v,
833 3886 873 3937 52.
892 3884 920 3938 et
935 3883 998 3939 Geo.
1016 3884 1042 3947 1,
1077 3887 1118 3938 56.
1143 3913 1178 3921 -
1201 3883 1256 3938 Pro
1274 3886 1363 3939 lasso

204 3948 257 4010 ed..
276 3949 425 4019 Minorsug.
454 3953 482 4005 et
504 3949 552 4004 alii
571 3948 681 4018 quidam
700 3949 784 4004 Codd.
807 3950 935 4005 exhibent
960 3951 1055 4021 hipra,
1080 3950 1152 4020 quod
1177 3968 1232 4005 non
1250 3952 1363 4021 quadrat

175 4014 210 4069 sd
224 4018 325 4069 resedit
341 4022 369 4071 et
387 4022 488 4072 temere
507 4017 632 4070 aBurrn.
653 4017 792 4085 probatur.
829 4017 931 4072 Eadem
950 4018 1080 4073 voeabula
1104 4019 1159 4073 iam
1182 4018 1218 4072 ad
1235 4018 1301 4073 Geo.
1319 4018 1362 4078 lv.

174 4087 234 4137 449.
254 4083 372 4137 vidimus
391 4086 510 4139 confusa.
529 4114 562 4122 —
583 4081 647 4143 740.
665 4083 707 4137 Ad
725 4084 784 4139 Ine
797 4094 903 4138 ertum
919 4085 1024 4155 aliquot
1041 4085 1127 4139 Codd.
1145 4086 1241 4140 Burm.
1261 4086 1363 4140 addunt

175 4158 223 4213 eat,
243 4153 275 4204 ut
293 4152 367 4215 vm,
389 4156 456 4216 352..
477 4152 548 4233 qnod
566 4150 683 4205 fortasse
702 4152 786 4206 etiarn
804 4152 848 4207 hie
865 4153 1018 4207 addidisset
1036 4152 1128 4222 Verg„
1152 4154 1207 4207 nisi
1225 4170 1364 4224 sequeren-

174 4219 221 4272 tur
238 4220 320 4273 verba
340 4228 389 4273 eat
406 4223 527 4275 reddata.
549 4217 599 4299 ¹Cf.
617 4217 714 4297 Wagn.
735 4219 784 4299 Qu.
805 4220 878 4289 Virg.
898 4220 962 4300 177,
982 4227 1006 4275 5.
1024 4238 1051 4290 p.
1072 4223 1130 4275 549.
1148 4252 1184 4260 -
1206 4217 1272 4281 741.
1296 4222 1363 4299 eai3

172 4302 253 4365 mrem
275 4288 406 4366 reflexi
427 4287 519 4359 paullo
547 4285 708 4406 msolentrps
731 4285 834 4367 dietum
855 4304 916 4409 pro:
940 4305 996 4343 erus
1020 4288 1178 4368 reeordatus
1194 4304 1273 4368 sum3
1302 4288 1362 4409 ahgp

174 4369 246 4475 tit
262 4353 680 4486 attestaretur
715 4359 1362 4489 titffitfttutttatttttut..

174 4486 232 4542 loeo
250 4490 376 4544 Mamert.
395 4494 466 4560 grat.
488 4493 540 4546 aot.
562 4494 601 4544 14.
622 4490 671 4543 Ad
717 4508 844 4544 omanem
861 4494 954 4546 rebem
972 4499 1085 4545 meotem
1101 4493 1219 4560 reflexit.
1243 4524 1278 4532 -
1296 4487 1360 4549 742.

175 4559 330 4634 tumulum
349 4561 423 4612 anti
448 4577 510 4614 uae
528 4558 670 4636 Cereris,
692 4557 796 4626 collem,
815 4559 843 4612 in
885 4576 920 4613 uo
938 4559 997 4613 anti
1016 4576 1052 4613 ua
1070 4558 1176 4614 Cereris
1193 4563 1254 4614 erat
1272 4558 1361 4613 aedes.

175 4621 236 4676 Vrd.
268 4640 329 4695 sup.
354 4642 380 4679 r.
405 4579 461 4681 tit.
497 4626 537 4681 De
562 4641 662 4681 omusa
686 4623 814 4697 Praepos.
899 4626 951 4682 vid.
1033 4630 1084 4682 ott.
1107 4627 1143 4681 ad
1163 4629 1230 4682 Aen.
1247 4626 1272 4690 1,
1289 4630 1313 4681 2.
1333 4628 1365 4681 at
