2872 4980
132 239 193 304 376
482 232 520 297 P.
543 228 730 296 VERGILI
750 224 949 293 MARONIS

131 399 271 468 Obsidet
292 408 325 465 ct
348 423 389 466 ue
411 402 476 466 imo
497 396 646 463 barathri
666 406 716 462 ter
739 395 869 484 gurgite
890 403 1003 461 vastos

131 482 249 550 Sorbet
270 486 305 548 in
326 422 505 571 inruptum
525 481 643 547 fluctus
664 501 842 568 rursusque
864 476 924 544 sub
947 500 1046 544 auras

129 567 188 632 Eri
216 568 240 631 't
260 566 404 634 alternos
427 576 459 632 et
480 564 589 632 sidera
613 562 766 630 verberat
787 561 885 627 unda.

128 649 173 716 At
222 648 340 737 cyllam
364 650 470 715 caecis
492 647 621 715 cohibet
643 645 799 735 spelunca
820 644 955 710 latebris

130 732 200 800 Ora
221 742 439 798 exsertantem
462 742 494 797 et
519 733 614 797 navis
634 732 669 796 in
691 752 773 795 saxa
794 726 984 793 trahentem.

128 815 242 882 Prima
261 815 400 881 hominis
422 817 523 882 facies
545 823 578 881 et
599 813 735 902 pulchro
758 821 891 900 pectore
912 813 1007 898 virgo

127 1113 314 1194 sagapenon.
328 1115 380 1180 iv,
401 1118 473 1196 are,
485 1114 652 1196 ,messem
674 1084 703 1170 si
722 1111 871 1168 usurum
888 1112 989 1236 nypsi.
1007 1111 1103 1182 prior.)
1125 1110 1149 1164 u
1169 1109 1303 1171 insuunt,

127 1181 306 1370 sln³de3÷qqe
324 1200 384 1237 curn
402 1182 464 1237 Nisi
484 1183 531 1237 ille
552 1183 609 1236 filia
632 1198 691 1236 earn
715 1180 898 1245 confundunt,
940 1198 955 1236 e

994 1197 1030 1235 ua
1050 1179 1104 1234 vid.
1128 1178 1163 1232 ad
1179 1178 1236 1232 Hcl.
1255 1176 1302 1239 Vl,

127 1253 166 1303 74,
185 1249 224 1303 Ve
280 1250 503 1331 'us‘posteriores
525 1250 647 1318 sequitur
669 1248 895 1329 mythographos,
918 1249 965 1319 qiii
1003 1247 1102 1318 cyllam
1124 1247 1205 1300 antea
1221 1244 1303 1314 virgi-

125 1333 188 1447 tt}
202 1313 1303 1463 tuftthtt,fttttsffittfsft’.trtmtttftm‘tfttlfffffltfht

125 1468 207 1522 prope
225 1469 299 1508 mare
317 1470 345 1508 se
364 1453 482 1516 lavaret,
510 1471 541 1526 er
559 1452 683 1506 inferiore
702 1468 819 1521 corporis
835 1454 914 1520 parte
933 1450 1022 1507 rabidi
1046 1467 1125 1505 canes
1149 1464 1302 1503 enasceren-

126 1523 181 1587 tur,
210 1519 330 1589 puellam
352 1524 444 1576 autem
467 1520 495 1575 id
519 1520 680 1575 sentientem
697 1520 725 1573 in
740 1535 813 1573 mare
831 1536 860 1573 se
880 1519 1082 1589 praecipitasse,
1111 1517 1159 1570 ubi
1178 1517 1206 1569 in
1228 1532 1302 1569 mon-

129 1590 217 1641 stmm
235 1587 304 1642 illud
323 1605 450 1643 conversa
469 1587 734 1658 praeternavigantes
760 1586 864 1641 alliciat
885 1590 914 1642 et
931 1587 1046 1641 devoret.
1084 1585 1142 1638 Cha
1178 1583 1240 1637 ditiis
1256 1599 1303 1662 au·

126 1656 183 1708 tem
196 1655 356 1734 perhibetur
376 1656 496 1726 Neptuni
516 1658 544 1711 et
562 1656 659 1710 Terrae
677 1655 748 1716 filia,
768 1670 835 1724 quae
854 1657 888 1708 ob
905 1655 1017 1709 nimiam
1040 1653 1158 1707 voracite
1186 1668 1214 1704 m
1231 1651 1302 1704 Iovis

125 1721 238 1776 fulmine
265 1723 321 1778 icta
344 1726 372 1778 et
393 1724 421 1777 in
446 1723 524 1778 illum
541 1723 624 1777 maris
641 1722 724 1777 Siculi
745 1721 833 1776 locum
860 1722 893 1776 de
912 1722 974 1777 ulsa
995 1722 1039 1776 sit.
1075 1720 1136 1774 Vid.
1155 1718 1232 1772 Hom.
1251 1717 1301 1772 Od.

125 1789 187 1856 XII,
209 1793 253 1844 101
274 1807 287 1844 s
307 1808 332 1861 q.
350 1794 400 1846 224
418 1808 477 1862 sqq.
495 1790 571 1847 Ovio.
590 1791 655 1845 Met.
674 1789 755 1853 XIII,
779 1794 835 1844 732.
923 1833 930 1855 ,
949 1794 1007 1845 591.
1026 1788 1125 1843 Tibull.
1143 1786 1199 1848 ΙΠ,
1217 1791 1242 1849 4,
1261 1789 1301 1840 89.

127 1855 213 1935 ¹Heyn.
231 1856 265 1911 ad
283 1808 408 1928 dpollod.
427 1875 454 1926 p.
475 1863 515 1914 85.
535 1860 563 1913 et
580 1851 699 1913 Cluverii
715 1856 806 1911 Sicilie
824 1857 851 1922 I,
875 1863 898 1912 5.
925 1857 987 1937 ¹(Cf.
1010 1856 1093 1911 etism
1110 1853 1165 1908 Hcl.
1184 1854 1236 1917 VI,
1260 1857 1301 1907 74.

125 1923 216 1994 ibique
246 1924 363 1992 adnott.)
402 1926 461 1980 Iam
485 1927 508 1980 si
531 1925 621 1980 missis
648 1925 820 1995 antiquorum
846 1925 946 1979 fabulis
970 1941 1026 1987 res,
1054 1940 1122 1994 quae
1144 1938 1205 1975 vere
1229 1924 1301 1985 sunt,

124 1990 333 2057 consideremus,
355 1993 506 2063 Charybdis
529 1993 597 2047 nihil
619 1992 694 2048 aliud
712 1995 763 2059 est,
786 2008 866 2062 quam
884 1992 947 2046 freti
965 1991 1048 2046 Siculi
1065 1992 1165 2051 vortex,
1189 1989 1231 2043 iel
1255 2006 1302 2060 po·

125 2058 182 2113 tius
201 2060 283 2113 maris
302 2061 428 2115 concitati
446 2062 553 2130 fluctus,
577 2061 632 2131 qui,
656 2060 679 2115 si
701 2059 807 2130 quando
830 2059 1041 2114 vehementiores
1065 2058 1139 2113 venti
1157 2057 1191 2111 ab
1210 2061 1302 2111 austro

127 2127 290 2192 exoriuntur,
311 2129 338 2182 in
359 2128 407 2182 illo
426 2132 542 2199 angusto
560 2130 630 2183 freto
648 2127 793 2196 compressi
812 2128 840 2181 et
857 2127 928 2182 inter
947 2144 975 2181 se
993 2127 1079 2181 collisi
1097 2143 1177 2181 naves
1189 2125 1301 2179 circum-

124 2193 214 2247 clusas
239 2193 399 2264 demergunt
422 2198 450 2251 et
478 2196 556 2267 quasi
580 2195 725 2251 absorbent
748 2194 804 2264 (qui
826 2194 901 2249 locus
924 2211 994 2249 nunc
1020 2194 1157 2260 Colofmo
1179 2192 1303 2272 dicitur‘q

124 2260 215 2331 Scylla
232 2264 323 2316 cutem
341 2263 414 2317 altus
432 2265 558 2333 scopulus
568 2263 760 2332 navigantibus
772 2262 1024 2332 periculosissimus,
1044 2261 1195 2331 Charybdis
1209 2261 1302 2314 vertici

124 2328 159 2383 ad
177 2329 330 2397 Scyllaeum
348 2331 475 2400 oppidum
494 2348 586 2387 versus
610 2331 749 2401 oppositus
772 2337 800 2384 et
821 2330 970 2384 minoribns
992 2330 1109 2399 scopulis
1126 2330 1244 2391 cinctus,
1268 2328 1302 2382 ad

123 2412 211 2466 quem,
240 2396 304 2451 olim
329 2397 443 2454 fumasse
471 2401 571 2470 magis,
602 2411 683 2469 quam
705 2414 784 2463 nunc,
814 2398 946 2453 humanae
971 2397 1073 2453 formae
1097 2396 1302 2451 similitudinem

124 2464 244 2534 aliquam
262 2465 436 2529 referentem,
459 2467 557 2522 fluctus
576 2471 716 2522 ventorum
739 2465 765 2520 vi
790 2465 862 2520 allisi
879 2471 907 2521 et
925 2466 1005 2520 fracti
1023 2482 1118 2520 sonum
1137 2464 1301 2519 horrendum

124 2533 153 2585 et
169 2548 264 2586 canum
284 2533 397 2588 latratui
416 2534 532 2589 similem
554 2535 639 2590 edunt
670 2550 741 2588 nunc
759 2533 866 2603 scirtio
885 2536 1018 2600 vocatus).
1052 2532 1094 2588 Cf.
1119 2550 1187 2604 quae
1207 2532 1301 2612 scripsi

122 2598 151 2652 in
168 2597 256 2669 Pauly
277 2601 452 2672 Reateacycl.
474 2602 522 2657 VI.
568 2606 655 2659 .893.
673 2632 704 2641 -
724 2603 759 2655 in
791 2602 922 2666 locata,
944 2603 963 2656 i.
986 2618 1006 2655 e.
1034 2601 1205 2672 inplacabilis
1231 2601 1301 2666 (vide

124 2682 206 2735 supra
224 2667 259 2721 ad
277 2684 300 2721 v.
321 2671 507 2734 litteraeve.
543 2621 585 2725 §ic
608 2668 680 2741 apud
699 2669 749 2724 Ovi
770 2711 776 2723 .
794 2670 859 2725 Met.
878 2670 960 2734 VIII,
984 2672 1042 2724 845.
1065 2671 1208 2741 inplicata
1282 2689 1301 2722 a

123 2750 171 2813 pro
190 2735 336 2789 voracitate
355 2752 408 2789 uon
427 2754 441 2791 e
477 2737 566 2792 lenda.
590 2738 736 2793 Praeterea
753 2739 844 2793 autem
862 2738 914 2793 hoc
925 2737 1031 2792 Adiect.
1049 2754 1182 2808 nusquam
1195 2737 1222 2791 ri
1241 2739 1301 2791 etur

123 2801 243 2856 inveniri.
281 2802 357 2858 Ouid.
376 2805 442 2858 Met.
536 2809 623 2868 ‚7³0.
647 2805 718 2860 huno
740 2806 829 2860 locum
847 2806 882 2860 ad
905 2807 1017 2861 verbum
1034 2805 1090 2861 fere
1110 2807 1233 2875 repetens
1251 2822 1299 2874 pro

123 2885 154 2923 eo
192 2870 265 2944 osirit
281 2870 439 2940 irrequieta.
475 2873 601 2928 Ceterum
619 2876 746 2928 dextram
768 2875 797 2929 et
818 2874 925 2929 ἰαιυιηη
944 2874 997 2997 qel
1013 2872 1127 2939 laevom
1150 2874 1182 2926 ut
1198 2874 1298 2941 Haupt.

123 2940 151 2992 et
194 2937 295 2992 bbeck.
315 2939 448 3008 scribunt)
465 2942 539 2995 laam
552 2941 670 2996 Helenus
688 2941 756 2995 dicit
774 2945 899 3011 respectu
915 2942 952 2997 ha
971 2943 1008 2996 lto
1019 2942 1054 2997 sd
1066 2943 1171 2997 Aeneae
1182 2957 1298 3002 cursuri,

122 3004 170 3126 qni
188 3005 222 3060 ab
243 3007 345 3061 oriente
362 3008 471 3063 veniens
509 3026 538 3063 er
556 3026 630 3064 mare
647 3009 767 3064 Siculum
792 3011 910 3080 navigat
934 3039 968 3047 >-
990 3017 1048 3064 ter.
1068 3010 1147 3064 Hom.
1167 3010 1217 3065 Od.
1236 3008 1298 3071 XII,

139 3077 182 3127 05.
202 3076 261 3144 τρὶς
278 3074 322 3127 ἐπ’
343 3072 438 3147 ἤματι.
501 3077 592 3145 eynio,
609 3078 695 3132 altero
712 3078 770 3132 loco
789 3079 869 3132 239s
891 3118 898 3130 .
933 3078 1079 3132 Homerum
1103 3078 1153 3133 hoc
1177 3078 1299 3133 omittere

123 3142 296 3207 memoranti,
323 3143 421 3198 Wund.
443 3145 601 3214 respondet,
624 3145 662 3199 ibi
681 3145 828 3200 Homerum
854 3096 923 3201 iilud
945 3163 998 3200 non
1023 3146 1143 3215 potuisse
1169 3147 1298 3215 repetere,

122 3226 184 3263 cnm
202 3208 237 3264 Ul
256 3227 321 3271 sses,
346 3212 374 3264 in
393 3213 523 3267 vorticiso
544 3213 713 3269 conflictatus
730 3214 808 3277 freto,
830 3231 883 3268 non
899 3216 989 3268 totum
1005 3214 1043 3267 ibi
1058 3214 1129 3269 diem
1146 3230 1298 3270 consumse-

123 3276 172 3399 st
187 3279 218 3329 l
252 3277 636 3416 falleremur
674 3282 916 3405 “flebilium
929 3282 981 3404 a
999 3282 1104 3402 nug.
1123 3281 1242 3403 sti..
1260 3284 1297 3363 l

175 3376 233 3397 .—
362 3367 550 3431 ··.¹¹¹·.
586 3392 611 3432 ’.Ι
670 3391 701 3430 ⁹.
831 3367 965 3430 ..ore
1003 3368 1245 3421 increpem,
1270 3368 1297 3405 m

122 3411 295 3536 ceretu
312 3416 764 3555 transeuntur.
783 3417 869 3552 diff
887 3420 1136 3549 fustist..
1183 3421 1298 3549 fifh:

122 3549 168 3610 63,
192 3550 233 3600 63.
257 3549 347 3613 cett.);
370 3551 441 3621 apud
464 3551 582 3607 Statium
604 3554 695 3606 autem
716 3552 800 3606 Theb.
818 3553 874 3621 111,
899 3557 955 3609 262.
979 3555 1061 3608 etiam
1083 3554 1157 3610 caeli
1178 3557 1299 3625 abrupta

124 3619 376 3694 commemorantur.
412 3619 531 3675 Verbum
547 3620 679 3675 amemur·
694 3619 727 3674 de
745 3619 814 3675 mari
832 3622 914 3676 etiam
936 3638 952 3676 a
971 3621 1008 3675 ud
1027 3622 1102 3677 Curt.
1121 3624 1173 3687 IV,
1194 3628 1238 3687 10,
1258 3626 1297 3677 19.

124 3682 154 3736 et
170 3680 237 3736 alibi
254 3682 364 3752 legitur.
400 3685 544 3742 Praeterea
561 3688 596 3742 cf.
619 3703 700 3756 supra
717 3687 740 3753 I,
767 3692 908 3743 105-108.
978 3707 1040 3759 agn.
1067 3692 1172 3746 confert
1192 3693 1298 3745 contra-

125 3749 195 3803 rium
217 3749 285 3832 illud
302 3750 344 3833 'do
371 3755 489 3823 typhone
513 3772 556 3824 ap.
580 3755 699 3809 Plinium
719 3755 760 3820 11,
784 3760 832 3820 48,
861 3760 918 3811 133.
940 3760 1029 3812 scebet
1050 3758 1080 3811 ia
1101 3759 1241 3814 excelsum.
1264 3792 1296 3799 —

123 3813 190 3878 423.
214 3835 266 3872 cri
295 3827 322 3873 ct
360 3819 473 3888 ἀνίησιν
493 3823 597 3887 Hom),
628 3823 706 3887 facit,
730 3824 809 3877 utin
832 3825 920 3879 altum
946 3826 1127 3889 adscendunt,
1146 3827 1253 3897 proiicit
1269 3827 1296 3879 in

124 3885 222 3966 altum.
257 3838 324 3941 tl·
358 3905 430 3944 rav.
451 3894 509 3944 576.
528 3895 556 3946 et
572 3891 623 3972 III,
646 3893 704 3944 2³9.
723 3907 784 3946 cum
803 3892 879 3947 Ovio.
900 3893 965 3947 Met.
983 3894 1036 3959 xl,
1058 3898 1116 3948 497.
1152 3895 1298 3950 Fluctibus

123 3971 166 4007 ers
185 3956 415 4037 stercoratumque
432 3975 551 4027 aeqimra
567 3961 676 4013 mdetar
693 3958 800 4013 Pontus
820 3968 846 4013 ct
867 3962 994 4014 indicatus
1011 3963 1177 4033 odepcryiiie
1195 3964 1297 4031 tiaqere

122 4041 176 4143 ἦ
205 4023 311 4144 ,fionius
326 4024 378 4147 lqui
396 4028 533 4095 postrema
552 4028 633 4082 verba
645 4026 815 4147 pequndent
832 4027 875 4081 his
893 4029 1007 4109 sidera
1025 4031 1182 4085 verberat
1197 4033 1296 4111 ovida.

122 4106 331 4239 diffidit
347 4095 837 4242 ...KHtf·..5”x1f‚⁰tt·.,“l
858 4096 1027 4221 bittit
1044 4098 1297 4247 illabili?

123 4225 205 4279 lurica
223 4242 255 4279 sn
275 4244 359 4284 errore
373 4246 490 4300 corporis
526 4247 542 4284 a
568 4248 584 4285 e
602 4233 631 4286 et
648 4247 729 4285 naves
748 4231 781 4285 ad
801 4249 829 4287 se
850 4232 1017 4288 attrahere.“
1036 4235 1126 4304 Hcps.
1145 4234 1205 4288 vid.
1218 4234 1296 4289 Ovid.

122 4292 188 4348 net.
205 4244 282 4373 llll,
305 4299 351 4376 7.3¹
372 4317 385 4351 s
425 4301 478 4352 .et
495 4247 567 4362 ἐν,
587 4303 618 4353 59
637 4316 695 4369 sqq.
716 4298 815 4369 Hygin.
835 4301 854 4355 f.
875 4305 931 4355 125.
955 4331 988 4340 —
1013 4304 1121 4381 coccis
1138 4304 1295 4381 lqtebrir,

122 4360 252 4415 obscnns.
287 4363 348 4419 Vid.
406 4317 464 4431 qII,
487 4371 525 4420 19.
548 4396 581 4406 —
603 4363 669 4428 425.
694 4367 762 4420 Ora
780 4376 1009 4423 exsertantem.
1044 4369 1141 4423 Rarius
1162 4373 1297 4423 iuvenitur

121 4426 171 4482 hoc
190 4430 301 4485 verbum
318 4433 555 4505 frequentativum.
590 4435 726 4502 Licyriom
750 4445 886 4489 metare
911 4435 979 4490 dixit
996 4436 1137 4490 Claudiam
1160 4453 1176 4490 u
1198 4477 1204 4488 .
1226 4437 1295 4490 Gall.

121 4494 168 4575 ln.
189 4501 238 4578 13..
248 4502 276 4552 et
292 4500 417 4557 homor
434 4511 579 4566 mertare,
598 4503 616 4556 i.
637 4519 660 4556 e.
679 4500 789 4563 nudare,
808 4505 876 4558 Stat.
895 4503 977 4556 Theb.
996 4505 1019 4570 1,
1037 4508 1095 4557 413.
1114 4537 1146 4544 κ·
1169 4455 1235 4563 lhss.
1253 4505 1294 4559 De

122 4565 239 4618 triformi
258 4566 349 4634 Scylla
366 4571 419 4624 vid.
438 4572 510 4626 infra
525 4570 559 4625 ad
577 4588 602 4624 r.
623 4572 681 4624 428.
700 4571 729 4622 et
746 4570 780 4624 cf.
798 4570 909 4625 Ausonii
927 4570 1053 4651 Gryphus
1074 4574 1115 4626 83.
1134 4571 1296 4626 ianrnsd.

113 4629 194 4688 Pecs.
216 4631 246 4686 L.
267 4634 333 4689 min.
349 4638 396 4690 VI.
414 4654 443 4710 p.
463 4642 520 4692 597.
556 4639 652 4710 Scylla
670 4637 781 4710 triplae,
799 4640 943 4695 commissa
964 4640 1060 4708 mbo,
1085 4656 1162 4709 caue,
1180 4640 1296 4711 vr'rqi'ae,
