2874 4972
845 127 867 175 Χ

456 235 686 315 AENEIDOS
707 239 791 305 LlB.
812 239 870 304 IV.
1076 278 1081 289 ·
1189 243 1249 304 529

73 403 245 469 Exstinxti
267 412 300 467 te
321 424 446 490 meque,
469 426 572 486 soror,
618 405 749 491 epulum
774 427 814 469 ue
835 414 946 492 patres
972 427 1011 468 ue

75 486 229 552 Sidonios
251 485 430 573 urbemque
450 497 548 552 tuum.
627 499 689 572 ate,
712 512 755 554 vo
791 510 848 553 ere
869 488 960 575 lymp
984 487 1012 551 is

73 569 216 635 Abluem
239 578 280 652 et,
301 578 466 635 extremus
488 572 516 634 si
538 573 611 657 quis
633 594 732 659 super
753 571 873 637 halitus
896 579 994 647 erret,

74 653 142 719 Ore
163 653 302 740 legem.“
343 653 400 719 Sic
421 653 490 718 feta
513 654 636 739 gradus
657 664 809 721 evaserat
830 653 912 721 altos
1198 664 1248 713 685

78 861 122 869 --
127 862 203 868 m..—
215 862 283 868 7——

72 1002 132 1058 Vid.
151 1019 233 1074 supra
251 1001 287 1071 H,
315 1006 374 1059 644.
397 1005 435 1061 ibi
454 1022 488 1061 ue
504 1005 609 1062 sduott.
634 1009 663 1061 et
679 1005 756 1061 Ishn.
776 1006 812 1062 sd
831 1006 909 1063 Ovid.
928 1008 993 1062 Met.
1012 1006 1059 1072 IX,
1085 1010 1144 1061 504.
1163 1039 1196 1047 -
1212 1014 1246 1059 ut

72 1071 237 1125 crudelis
253 1072 401 1127 abessem
445 1089 505 1143 eyn.
523 1074 650 1142 explicet:
669 1076 701 1128 ut
718 1074 864 1130 crudeliter
882 1076 939 1130 seiu
978 1091 1044 1129 orer.
1074 1075 1127 1130 Sed
1145 1075 1245 1144 siquis

73 1137 176 1193 crudeli
201 1138 280 1193 modo
304 1139 339 1194 sb
361 1140 449 1196 altero
471 1141 606 1210 avellitur,
637 1157 668 1197 ec
685 1157 739 1196 non
758 1143 816 1263 ique
834 1143 866 1197 fit
883 1143 1007 1197 crude'.
1043 1142 1130 1207 Quare
1150 1142 1247 1210 Wagn.

72 1206 195 1260 medelis
216 1223 265 1276 pro
282 1206 410 1262 Vocetivo
434 1208 525 1274 hebet,
557 1225 609 1280 quo
627 1209 715 1278 ipsam
734 1209 768 1263 Di
788 1226 865 1264 onem
883 1213 1017 1264 mortuum
1035 1227 1110 1263 soror
1127 1209 1248 1280 alloquu-

72 1275 127 1337 tur,
152 1276 180 1327 et
197 1276 341 1342 propterea
358 1274 560 1330 distinctionem
577 1276 630 1332 loci
647 1277 779 1341 mutavit3
810 1277 892 1332 simul
909 1279 1000 1332 temen
1018 1277 1158 1339 adnotans,
1186 1294 1248 1331 eum

72 1339 188 1395 fortusse
206 1341 289 1395 etism
307 1342 346 1396 sic
363 1343 481 1413 intelligi
499 1360 587 1412 posse,
605 1345 728 1399 utAnns
745 1361 818 1400 more
835 1346 956 1415 graviter
974 1345 1125 1400 dolentium
1142 1345 1248 1414 eulpam

72 1407 196 1463 fortunae
226 1409 254 1462 in
282 1427 311 1465 se
341 1411 497 1474 transierat,
531 1428 562 1466 ec
585 1413 608 1466 si
632 1411 739 1482 ipsein
763 1413 844 1481 culpe
866 1415 946 1480 esset,
978 1415 1074 1480 utpote
1096 1428 1164 1483 quse
1183 1428 1247 1480 roge

72 1477 176 1529 structo
197 1476 295 1531 abierit
311 1480 338 1532 et
356 1494 474 1533 sororem
492 1479 544 1532 sibi
562 1479 613 1533 soli
631 1480 807 1545 commiserit3
829 1484 857 1535 et
873 1481 943 1535 hono
961 1481 1074 1535 sltersru
1092 1497 1123 1534 ex
1141 1478 1247 1534 licotio-

72 1558 133 1596 nem
156 1559 206 1623 ego
228 1560 288 1598 cum
305 1545 421 1600 Heurieo
441 1548 509 1611 (Teo.
527 1565 609 1616 years
625 1547 672 1601 [V.
690 1564 715 1616 p.
735 1552 777 1602 91.
796 1550 825 1602 et
841 1548 939 1602 Philol.
1013 1590 1018 1601 .
1056 1497 1152 1611 diti.)
1189 1563 1247 1601 rse-

72 1607 138 1672 iero,
155 1626 201 1680 qur
221 1616 359 1690 comperet
376 1613 529 1668 simillimos
546 1615 618 1668 locos
636 1615 701 1669 Aen.
720 1615 783 1677 XII,
803 1619 860 1670 873.
894 1614 955 1670 Silii
973 1565 1053 1678 VIIII,J
1065 1618 1108 1669 66.
1127 1617 1155 1669 et
1222 1615 1243 1675 1,

71 1679 130 1733 656.
149 1677 346 1758 Adsentiuntnr
362 1681 440 1736 nobis
459 1682 619 1750 posteriores
637 1681 753 1736 editores
771 1686 853 1763 atque
872 1683 955 1737 etism
975 1683 1071 1751 ngn.
1090 1683 1148 1751 ipse
1165 1682 1245 1736 Com·

72 1748 157 1809 mets,
180 1747 277 1814 quibus
294 1747 323 1800 in
340 1747 442 1803 maiore
474 1748 538 1803 edIt.
568 1766 625 1804 voc.
655 1749 777 1803 maiolis
807 1750 963 1815 moluserst,
990 1750 1019 1803 in
1048 1750 1150 1803 minore
1174 1753 1247 1803 recte

71 1812 192 1867 sustulit.
211 1813 323 1884 Signum
342 1816 527 1886 interrogandi
543 1817 624 1886 vulgo
641 1817 669 1870 in
687 1817 739 1873 fine
759 1835 852 1872 versus
889 1819 990 1872 ositum
1007 1833 1069 1872 cum
1086 1817 1175 1884 Ribb„
1194 1816 1246 1870 Le·

72 1880 137 1935 dew.
164 1884 192 1935 et
216 1882 372 1937 Hesckerm.
395 1883 415 1938 1.
434 1885 454 1938 l.
477 1885 505 1938 iu
527 1883 663 1938 Punctum
686 1887 799 1940 mutavi.
817 1918 850 1927 —
903 1882 932 1945 2.
963 1883 1246 1939 Exstinstt'.·Vid.

71 1949 209 2071 qqqiqusdl
224 1967 250 2003 v.
271 1952 329 2071 egb.
347 1951 536 2072 „Scriptursqi
547 1953 688 2033 corosani
696 1953 827 2034 refellunt
845 1969 884 2033 ss,
901 1969 972 2052 quse
988 1953 1199 2072 Struviusdither
1217 1953 1244 2006 d.

70 2083 94 2136 I.
108 2057 146 2136 ll.
159 2033 198 2164 ”di
210 2036 296 2164 Pierii
304 2036 411 2140 oquq).
424 2023 513 2141 siricius
531 2019 1246 2168 qqquqqgtdreqqnqqt.quoqaffregqffqseqrq

70 2149 138 2204 dem
194 2151 258 2208 edit.
327 2153 436 2210 otbetse
453 2153 532 2209 modo
552 2171 639 2210 errore
658 2156 765 2210 vrdctur
782 2159 928 2225 receptum.
950 2156 1011 2209 Heu
1030 2159 1051 2208 t.
1071 2158 1099 2209 et
1116 2153 1245 2208 Ribbeck.

70 2232 131 2271 oum
178 2218 219 2273 ed.
239 2222 267 2274 et
306 2220 342 2275 sl.
362 2223 485 2276 scribunt
501 2221 622 2276 minuti.
642 2253 674 2262 -
691 2230 722 2276 te
738 2240 859 2293 meque.
895 2224 938 2279 Sic
954 2224 998 2278 lie
1020 2263 1036 2285 .‚
1056 2221 1154 2290 fragm.
1169 2222 1244 2283 Vst„

72 2284 131 2339 Pel.
152 2288 180 2340 et
198 2288 326 2359 plerique,
355 2292 386 2343 ut
403 2289 518 2353 videtur,
537 2289 622 2342 Oodd.
640 2305 689 2359 pro
707 2291 782 2359 vulg.
800 2308 842 2345 mc
860 2299 937 2360 teque
955 2294 1030 2357 (sone
1048 2289 1131 2344 etism
1148 2305 1166 2343 s
1183 2289 1248 2343 Dio-

72 2351 149 2407 mede
168 2369 195 2421 p.
213 2357 271 2410 438.
291 2355 429 2423 exhibito),
449 2373 515 2427 quos
533 2355 590 2411 iure
608 2357 716 2410 secutus
734 2359 777 2411 est
795 2358 902 2427 ngn„
921 2375 981 2412 cum
999 2373 1094 2411 sensus
1111 2356 1159 2410 sit:
1181 2358 1257 2421 „tun

72 2420 152 2474 caede
176 2437 219 2476 me
243 2423 325 2477 sImul
349 2424 519 2490 interemisti,
547 2441 569 2477 s.
591 2439 644 2477 non
662 2426 690 2477 te
707 2424 804 2487 solum,
833 2423 981 2480 sedetiam
999 2428 1071 2477 me.⁴‘
1090 2453 1124 2462 -
1139 2442 1248 2493 popu-

71 2488 204 2558 lumque
257 2499 426 2561 atrosque.
462 2491 505 2545 Cf.
524 2491 571 2554 IX,
597 2494 652 2545 192.
671 2519 704 2530 —-
722 2489 788 2552 683.
819 2491 908 2560 Vulgo
930 2494 972 2558 (ut
994 2507 1079 2559 nuper
1098 2490 1180 2544 etism
1197 2492 1248 2544 Co·

71 2555 196 2624 uingtou)
221 2508 395 2629 distinguunt
412 2561 487 2613 Date
507 2557 773 2637 maumaspmpou,
801 2559 872 2627 qnod
890 2575 938 2628 per
956 2558 1131 2627 enullsgeue
1167 2557 1249 2611 licere

72 2623 169 2703 sqleut,
186 2640 248 2695 pro:
280 2625 425 2749 „W
445 2627 510 2681 dete
536 2624 710 2704 vuluenbus“
737 2625 869 2705 pqsitumq
892 2625 1118 2704 quemadmodum
1133 2575 1189 2687 ili
1208 2628 1249 2678 61.

52 2689 180 2745 .drostur
196 2694 298 2748 dureo
435 2701 553 2748 ambos.
588 2691 640 2747 Sed
664 2708 721 2746 rnre
740 2692 871 2747 eiusmodi
888 2695 1030 2762 ensllsgen
1047 2695 1167 2762 sosptem
1187 2708 1249 2747 ceu·

72 2761 114 2812 set
130 2758 227 2829 Wagn.
256 2761 314 2816 loco
342 2761 452 2818 meliore
476 2760 649 2815 distinctione
673 2775 840 2823 succurrens,
867 2778 948 2830 quem
970 2778 1019 2815 nos
1038 2759 1124 2814 secuti
1143 2763 1262 2822 sumus;'

72 2825 237 2897 eundemque
260 2829 391 2884 rationem
412 2829 466 2883 ism
484 2845 500 2883 s
517 2827 684 2948 Serdoiqui
703 2826 791 2907 lqcum
809 2828 848 2882 sic
870 2829 999 2950 erlplicat:
1024 2827 1096 2881 Dete
1113 2825 1249 2906 lymphas,

71 2894 104 2947 ut
126 2893 239 2950 vulnere
261 2896 383 2961 abluam)
412 2900 440 2952 et
462 2896 565 2951 Peerlk.
591 2895 662 2949 Brb.
688 2896 747 2948 cnt.
774 2911 835 2950 nov.
853 2895 893 2949 Vo
908 2936 914 2949 .
932 2897 970 2951 11.
993 2912 1020 2964 p.
1038 2897 1068 2947 21
1089 2910 1128 2962 sq.
1154 2896 1249 2946 mitani

72 2961 165 3025 fuisse,
194 2962 265 3017 idem
282 2964 331 3019 Vir
351 2964 421 3019 doct.
445 2965 586 3026 memoret,
619 2963 666 3033 qui
689 2963 918 3018 constructionem
942 2963 1019 3016 illem
1041 2960 1170 3014 Romanis
1195 2976 1249 3012 non

72 3027 751 3153 studuitutfdlttssttutitt
769 3027 1249 3161 Ittl'uttutttssdtt

73 3163 137 3217 bere
155 3116 333 3222 studeltnlcicis
351 3166 429 3220 Hom.
444 3116 481 3221 cIl.
500 3103 548 3228 er,
566 3136 625 3221 sod.
657 3115 821 3232 xxllssio.
852 3139 930 3231 XIIl,
950 3170 990 3221 71.
1010 3134 1120 3218 Lucieri.
1138 3111 1206 3216 'lini
1226 3177 1248 3241 c.

72 3233 113 3283 45.
132 3231 193 3285 coll.
211 3234 309 3289 Zeunio
326 3231 362 3287 od
379 3231 470 3302 Viget.
486 3250 512 3304 p.
532 3236 590 3288 312.
609 3237 637 3287 et
654 3234 755 3288 Metth.
773 3233 820 3288 Gr.
839 3233 885 3290 Gr.
905 3239 928 3300 5.
948 3235 1007 3288 518.
1026 3247 1043 3285 s
1073 3246 1107 3284 ue
1127 3246 1157 3284 er
1174 3229 1250 3308 Pan·

73 3298 115 3352 uis
134 3297 193 3353 Ter.
212 3301 311 3356 Hesut.
329 3300 367 3362 II,
387 3304 411 3365 3,
431 3303 472 3354 32.
491 3300 607 3355 etinirs
625 3301 691 3354 Aen.
710 3301 756 3361 VI,
776 3304 826 3354 884
844 3319 883 3370 sq.
903 3303 931 3355 et
949 3299 1024 3365 VIII,
1043 3303 1058 3351 5
1078 3302 1102 3350 t.
1128 3297 1191 3351 Nolr
1208 3299 1251 3351 tc-

74 3381 135 3419 men
159 3382 219 3421 cum
243 3368 334 3423 Servio
357 3370 385 3422 et
407 3368 504 3436 Wagn.
525 3366 560 3421 sd
582 3369 647 3421 dcte
667 3366 821 3435 intelligere
843 3369 968 3438 lymphas
989 3365 1099 3487 (quibus
1120 3364 1250 3431 abluam),

74 3432 122 3486 sed
139 3434 229 3500 potius
246 3435 296 3489 hoc
313 3435 424 3490 verbum
443 3451 504 3488 oum
523 3434 681 3488 Hseckerm.
700 3433 719 3488 l.
738 3434 757 3487 l.
776 3436 805 3488 et
824 3434 929 3490 ludes.
947 3435 1013 3488 absc
1025 3435 1073 3488 ute
1090 3447 1138 3502 pro
1155 3449 1250 3485 conee-

74 3498 140 3559 ἀίω,
171 3502 252 3555 sinito
278 3503 396 3572 positum
421 3501 520 3571 sculpe,
552 3517 605 3570 qno
628 3517 707 3556 sensu
727 3517 780 3555 nou
802 3503 890 3555 solum
907 3518 969 3556 eum
986 3501 1064 3557 Infin.
1083 3504 1126 3566 (ut
1144 3499 1176 3563 V,
1193 3502 1268 3554 689..

74 3564 121 3629 VI,
149 3568 293 3632 domiti,
323 3569 370 3624 sed
394 3570 476 3624 etism
503 3585 564 3623 cum
581 3568 954 3635 Coniunct.(uthicetV1,
983 3570 1053 3627 884.)
1075 3566 1251 3622 construitur.

74 3633 118 3687 Sic
136 3633 219 3689 etiem
238 3637 309 3692 inire
327 3654 352 3692 ι.
375 3640 432 3692 747.
456 3637 573 3691 luteast
595 3637 662 3690 εἰπε.
698 3635 817 3707 Respicit
836 3636 909 3692 hunc
925 3638 1015 3692 losum
1034 3635 1163 3689 Prudent.
1200 3635 1251 3690 eri·

75 3699 163 3770 steph.
181 3703 228 3784 ly,
250 3708 305 3759 193.
324 3707 396 3767 dcte,
415 3705 588 3785 pulsamus.
623 3705 749 3785 Cetemm
768 3705 802 3759 cf.
821 3705 897 3760 Ovid.
915 3707 982 3760 Met.
1000 3702 1076 3767 xm,
1100 3706 1157 3758 531.
1178 3652 1254 3765 doio

74 3785 170 3822 moror
191 3779 295 3826 tumea
311 3772 438 3826 ossuum
455 3771 570 3826 subm
586 3770 705 3842 lyonpbw
721 3771 860 3826 Asuero?
881 3776 909 3828 et
927 3775 997 3829 Stet.
1015 3771 1098 3826 Theb.
1118 3771 1169 3831 111,
1193 3774 1251 3824 398.

77 3836 197 3892 Vulnere
221 3841 286 3893 dum
308 3840 426 3910 lycopbs's
443 3839 620 3910 Eptiiousdtsc
642 3840 710 3895 oluit
731 3839 837 3895 Idmon.
855 3872 890 3881 —
906 3839 972 3902 684.
1002 3841 1033 3895 si
1053 3839 1128 3958 queis
1144 3853 1253 3916 'super

74 3903 332 3968 delitiscendi,
364 3907 465 3977 siquis
483 3907 585 3961 helitus
603 3910 735 3975 superest,
755 3907 801 3976 qui
819 3908 926 3963 oberret
944 3909 1035 3963 inore
1078 3905 1174 3959 udonis.
1209 3903 1252 3957 Cf.

76 3972 182 4028 ednott.
208 3974 242 4029 sd
260 3975 311 4039 111,
339 3977 398 4029 489.
434 3975 532 4037 „Hunc
556 3975 689 4044 imprimis
708 3973 797 4028 locum
815 3975 886 4030 inter
903 3992 949 4031 eos
967 3974 1095 4035 referunt,
1126 3970 1252 4050 ubiupro·

95 4040 170 4110 inqui
192 4043 332 4098 morientis
354 4044 503 4096 extremum
526 4041 642 4096 halitum
665 4057 710 4096 ore
727 4057 789 4096 exce
808 4042 861 4098 isse
878 4044 1031 4098 traduntur.
1067 4037 1110 4092 ef.
1128 4037 1252 4096 Albmov.

76 4056 156 4162 bons.
174 4111 210 4166 sd
227 4110 286 4166 Liv.
304 4115 345 4165 97,
366 4112 442 4165 158.“
467 4111 567 4164 Wund.
602 4110 662 4163 Vid.
682 4108 765 4164 etiem
785 4059 863 4164 guid.
880 4112 945 4166 Met.
964 4109 1025 4169 VH,
1044 4109 1103 4160 680.
1120 4112 1147 4158 ct
1162 4105 1192 4184 sss
1212 4123 1254 4160 me

77 4176 224 4245 Infelicem
244 4179 365 4234 mimam
390 4185 538 4246 nemoque
559 4178 671 4231 scholae
689 4178 719 4229 iu
736 4193 793 4239 ore,
819 4177 884 4232 ibid.
904 4178 966 4243 XII,
990 4178 1050 4228 424.
1073 4172 1145 4251 lopo

76 4261 160 4297 mauu
181 4250 281 4303 volnus
298 4251 383 4369 (ovet
411 4262 444 4299 os·
539 4247 581 4298 acl
596 4262 648 4299 ore
666 4245 803 4298 Admovet
820 4254 902 4316 cupre
919 4240 1198 4308 animoteonesta
1216 4242 1253 4296 ei·

77 4319 146 4366 itere
162 4321 281 4387 tcnsptot.
314 4314 397 4368 nstin.
484 4313 521 4380 ΙΙ,
545 4317 570 4366 4.
623 4311 728 4367 siculo
746 4313 862 4382 spiritus
877 4314 922 4366 stri
938 4315 1151 4381 conpescuerunt
1168 4317 1254 4363 estre-

77 4375 1257 4515 4......4

79 4512 176 4571 lleurs.
201 4518 234 4572 de
258 4491 315 4572 liin.
340 4521 363 4572 3.
386 4517 482 4572 Graes.
508 4515 543 4571 sd
565 4516 619 4571 Cio.
643 4517 662 4571 l.
680 4516 699 4571 l.
759 4516 819 4572 erio.
843 4514 877 4570 sd
898 4514 975 4584 Eleg.
997 4511 1033 4567 sd
1056 4511 1115 4567 Liv.
1139 4516 1172 4566 95
1190 4528 1254 4582 sqq.

80 4579 155 4637 lehn.
174 4586 208 4638 sd
227 4584 304 4639 ovid.
326 4584 409 4638 Trist.
430 4584 476 4647 IV,
495 4588 520 4653 3,
538 4588 581 4638 44.
600 4584 710 4640 Becker.
729 4585 757 4639 in
776 4582 855 4639 Gallo
865 4582 915 4637 III.
934 4600 959 4652 p.
979 4584 1037 4636 269.
1055 4578 1098 4635 ed.
1116 4582 1141 4658 2„
1160 4579 1254 4634 Gossr.

80 4646 382 4722 etConington.edh.
403 4651 517 4707 Iulios.
536 4653 652 4716 -685,
685 4659 846 4709 evaserat.
882 4651 941 4706 vio.
961 4650 997 4712 ΙΙ,
1016 4652 1074 4704 458.
1094 4647 1184 4717 ibique
1208 4647 1255 4702 usi·

131 4762 245 4802 venem
269 4761 339 4800 PARS
359 4761 391 4801 11.
420 4761 465 4801 RD.
488 4763 528 4804 Π.
1012 4748 1045 4796 Μ
