2782 4958
53 240 57 253 .
167 191 227 256 720
521 184 559 252 P.
582 180 769 251 VERGILI
792 178 996 249 MARONIS

166 352 329 419 Constitui
347 360 379 417 et
400 373 521 439 magna
542 350 651 417 Manis
671 360 722 416 ter
743 372 825 416 voce
846 351 974 417 vocavi.

166 437 291 501 Nomen
313 444 345 500 et
366 458 459 502 arma
479 427 586 502 locuni
608 443 757 517 servant;
777 441 819 514 te,
843 437 958 518 amice,
981 435 1129 523 nequivi

167 519 368 606 Conspicere
390 531 422 585 et
442 521 550 607 patria
572 517 734 583 decedens
756 539 876 664 {onere
895 520 1019 584 terra.“

166 601 220 666 Ad
241 623 325 687 quse
346 601 543 671 Priamides:
564 601 674 684 „Nihil
696 624 715 666 e
738 603 762 665 ti
787 601 798 663 i
821 601 924 665 amice
945 600 1129 677 relictum3

167 684 288 749 Omnia
307 684 482 771 Deiphobo
504 685 631 752 solvisti
654 693 686 750 et
708 684 830 749 funeris
852 683 988 749 umbris.

168 766 234 831 Sed
256 790 307 832 me
328 767 398 835 fata
420 777 545 836 meast
566 767 672 832 scelus
695 765 829 832 exitiale
849 767 1025 832 Lacaenae

167 1150 396 1221 Praepositienem
409 1150 542 1206 omittunt
552 1149 650 1218 fragm.
665 1149 727 1203 Vat.
741 1148 770 1202 et
782 1148 857 1228 Rom.
873 1148 991 1269 itemque
1008 1165 1028 1204 a
1050 1167 1088 1204 m.
1133 1168 1158 1205 r.
1173 1150 1234 1204 Pal.
1250 1154 1277 1204 et
1288 1149 1349 1228 (ind,

168 1235 250 1288 quare
263 1236 321 1273 eam
336 1226 364 1287 (a
375 1219 407 1273 W
464 1219 630 1273 ,etiamnum
643 1217 794 1270 defensam:
807 1216 859 1269 md.
873 1215 950 1269 Phile
964 1262 969 1271 .
985 1217 1085 1287 Suppl.
1122 1264 1126 1271 .
1143 1236 1172 1287 p.
1187 1221 1262 1277 osui
1274 1219 1348 1272 labne

167 1290 197 1339 et
213 1287 385 1340 lsachmanno
455 1286 535 1339 Lucr.
555 1285 607 1347 llI,
628 1289 685 1338 374.
703 1301 729 1353 p.
751 1288 806 1338 160.
824 1284 979 1336 suasoribus
999 1302 1063 1338 curn
1083 1286 1226 1355 Hauptio,
1252 1286 1348 1346 Laden,

168 1354 313 1408 Ribbeelrie
328 1363 357 1409 et
373 1354 456 1407 Οοιιίυ
478 1358 498 1407 t.
518 1369 588 1406 nune
605 1352 754 1416 reiecimus,
770 1351 892 1421 quamvis
907 1355 1015 1420 praeter
1037 1357 1153 1406 ceteros
1175 1353 1264 1409 eald.
1280 1356 1345 1407 etim

168 1421 256 1476 Schol.
275 1424 343 1479 stat.
362 1422 442 1476 l'heb.
457 1373 534 1483 llll,
550 1424 608 1476 341.
623 1436 682 1474 eam
700 1419 833 1473 exhibeat.
846 1449 880 1457 -
890 1419 1048 1474 tumulum
1076 1422 1231 1475 inanem.
1251 1420 1344 1474 vida

169 1488 219 1552 lll,
238 1494 297 1544 304.
315 1520 349 1529 -
365 1489 432 1549 ὁθὸ.
465 1497 521 1542 ter.
557 1487 841 1553 vid.sdlicl.v111,
862 1490 903 1541 tu.
939 1487 1100 1556 Respieitur
1120 1493 1277 1543 extremum
1295 1487 1345 1542 illud

175 1557 242 1609 Vale
271 1560 313 1611 ter
343 1557 497 1610 restitum.
526 1555 580 1620 ,Sic
606 1555 688 1609 etiam
708 1555 786 1609 Hom.
804 1554 853 1610 Od.
871 1553 919 1621 lX,
941 1559 982 1608 65.
1001 1563 1075 1625 πρίν
1097 1577 1169 1608 rusa
1189 1564 1249 1611 τῶν
1265 1560 1345 1609 δειλόν

170 1626 278 1693 ἑτάρων
294 1573 487 1693 epicharmo
504 1623 599 1676 ἀῦσαι.
634 1622 675 1676 (li.
702 1622 771 1675 liber
798 1637 873 1674 meus
892 1621 993 1675 Helles
1014 1642 1044 1676 u.
1066 1623 1151 1676 Rom
1170 1625 1194 1690 Ι,
1223 1630 1245 1678 t.
1262 1643 1287 1704 p.
1305 1628 1343 1700 lit.

169 1691 231 1747 adn.
251 1695 307 1746 377.
327 1692 425 1745 eivid.
445 1690 584 1760 snprall,
602 1693 659 1744 um.
689 1691 741 1752 Ill,
759 1694 800 1742 bt.
832 1689 864 1750 V,
883 1695 922 1743 ὅθ.
956 1689 1001 1747 VI.
1022 1693 1084 1743 231.
1108 1694 1141 1744 et
1162 1693 1342 1753 iufrahlsi.

170 1789 199 1799 -
221 1775 300 1812 eece
316 1760 447 1813 vasaei.
488 1758 545 1812 Vid.
564 1774 647 1826 supra
663 1757 697 1810 ad
718 1773 745 1811 v.
762 1759 822 1811 427.
842 1786 873 1794 -
891 1754 958 1817 507.
986 1758 1148 1817 „Nomca
1168 1761 1229 1813 loeo
1249 1760 1342 1813 inditun

169 1829 198 1878 et
215 1844 308 1880 arma
326 1827 352 1880 in
371 1826 475 1880 tumulo
494 1826 644 1879 constituta
663 1828 690 1878 et
708 1825 760 1877 fixa
777 1839 808 1877 ex
834 1841 906 1877 ruore
924 1824 989 1889 (vid.
1008 1841 1098 1893 supra
1117 1844 1144 1881 v.
1166 1832 1239 1891 233.)
1257 1828 1342 1880 locas

169 1901 307 1947 servant
349 1893 508 1962 insigniunt,
541 1895 580 1946 ita
604 1896 636 1945 ut
658 1892 704 1945 ille
727 1907 775 1959 pro
794 1894 966 1944 monumento
984 1891 1036 1945 tibi
1056 1895 1106 1948 sit.
1147 1895 1217 1949 Fuit
1235 1895 1341 1963 igiturir

170 1960 289 2015 Rhoeteo
306 1933 381 2015 locus
399 1961 545 2030 Δηιφόβου
565 1967 651 2039 cipe,
669 1964 718 2039 aut
738 1959 817 2026 lingit
834 1964 915 2025 poeta
931 1958 999 2012 illud
1018 1959 1142 2015 fuisse.“
1163 1964 1255 2031 Heya
1274 1965 1341 2015 Am

170 2030 260 2082 locum
276 2036 386 2082 smenon
405 2031 485 2098 paulo
503 2028 663 2080 insolentius
680 2026 784 2080 dictum
803 2042 860 2079 esse
878 2026 1006 2089 cencedo;
1027 2044 1082 2080 nen
1107 2033 1206 2083 tamen
1227 2033 1290 2093 eratv
1307 2044 1341 2081 eu

170 2096 274 2149 Peerlk.
302 2098 392 2165 inepte
415 2097 517 2149 dictum
540 2099 669 2158 censeret,
699 2094 745 2163 qui
767 2097 909 2162 praeterea
926 2110 977 2148 non
996 2094 1123 2149 debebat
1142 2097 1178 2150 de
1198 2099 1280 2167 ipsius
1296 2096 1341 2149 ua

169 2162 250 2231 phebi
268 2165 351 2216 armis
369 2165 396 2215 in
414 2162 536 2231 sepulcro
554 2161 611 2214 fixis
635 2162 762 2230 cogitare,
793 2177 861 2230 quse
887 2177 951 2214 sane
973 2161 1121 2218 habebant
1141 2164 1248 2229 hostes,
1276 2179 1339 2231 nmis

171 2231 238 2283 satis
267 2230 404 2285 subtiliter
431 2245 572 2299 quaerere:
606 2228 661 2291 „Et
686 2228 756 2282 unde
773 2228 877 2282 Aeneas
899 2229 967 2282 scire
986 2233 1102 2297 peterat
1121 2233 1280 2301 sepulcrum
1296 2233 1339 2285 [tei

173 2298 254 2364 phebi
283 2298 415 2351 mansisse
439 2297 612 2350 intactum?“
648 2297 760 2351 Poterat
778 2297 848 2350 enim
867 2296 970 2350 Aeneas
988 2297 1072 2351 etiam
1093 2299 1155 2353 alia
1174 2317 1254 2355 arnm
1270 2304 1294 2353 in
1309 2304 1337 2350 tu

171 2364 244 2418 mulo
263 2366 352 2432 ligere,
371 2382 402 2419 ac
420 2366 444 2419 si
462 2365 595 2433 Deiphobi
613 2364 738 2428 fuissent,
757 2379 843 2432 neque
862 2364 917 2417 ulla
935 2366 994 2418 erat
1009 2381 1098 2419 causa
1117 2368 1277 2432 dubitandi,
1292 2367 1337 2436 qm

171 2432 269 2484 titulus
298 2436 326 2485 et
353 2450 431 2487 arma
461 2433 514 2486 lixa
542 2433 690 2486 etiamnum
710 2431 788 2484 illum
813 2431 902 2485 locum
923 2448 952 2485 ee
970 2436 1168 2489 consecratum
1192 2437 1337 2504 insignirent

171 2500 297 2553 Ceterum
327 2500 361 2553 cs.
382 2501 443 2565 VII,
473 2505 498 2554 3,
527 2501 615 2553 honos
642 2506 733 2552 aerem
754 2500 851 2552 sedens.
871 2528 903 2536 --
919 2506 962 2562 te,
991 2499 1020 2552 h.
1041 2517 1063 2554 e.
1087 2518 1194 2572 cerpus
1213 2508 1295 2562 tunm,
1319 2506 1338 2552 ut

171 2584 253 2635 supra
269 2583 295 2623 v.
316 2572 374 2622 362.
410 2569 448 2622 lle
478 2567 556 2621 biatu
584 2570 612 2621 et
635 2566 802 2636 correptione
825 2566 877 2620 vid.
897 2566 931 2620 ad
950 2566 1005 2621 Eel.
1024 2568 1063 2630 ll,
1086 2574 1131 2624 53,
1151 2602 1186 2610 -
1208 2571 1274 2632 508.
1292 2588 1338 2690 (a

1325 2636 1330 2646 o

171 2644 260 2699 u'erc,
290 2636 307 2690 i.
325 2653 349 2703 q.
376 2636 495 2689 humare.
531 2635 644 2688 Positum
665 2651 712 2703 pre
735 2634 857 2702 sepultus
884 2634 936 2688 ism
954 2635 992 2694 ll,
1010 2638 1069 2689 644.
1090 2640 1123 2690 et
1144 2639 1196 2702 IV,
1218 2644 1274 2694 bat.
1301 2653 1339 2704 aar
1389 2695 1390 2700 ,

172 2719 241 2769 mus,
271 2704 317 2756 ubi
348 2703 400 2758 vid.
424 2702 545 2764 sunott.;
574 2718 656 2782 quare
674 2703 748 2754 errat
766 2701 876 2754 Peerlk.
894 2701 959 2755 haee
976 2701 1134 2757 adnotans:
1166 2708 1293 2770 „Pence
1306 2719 1338 2773 pn
1389 2701 1390 2730 o

171 2770 289 2838 sepelire
304 2771 350 2890 gili
368 2771 409 2849 ita
420 2770 513 2853 Ι49111411
530 2769 638 2823 dicitur.
656 2769 1032 2889 ·Si,1·i⁰”qii⁸tif'⁷²“,ssdm'
1061 2771 1154 2826 babes
1173 2775 1264 2828 selum
1282 2775 1338 2825 dcc·

139 2959 141 2961 ,
170 2840 250 2959 dii
263 2840 701 2983 3.¹¹1›1,i.2¹¹llti⁰lf¹.¹¹‚alia
714 2841 1337 2984 ltqtmttutt¹triturati{ab

169 2981 267 3042 pausa
301 2991 382 3027 oriere
391 2982 475 3034 mira,
485 2974 504 3026 i.
515 2989 538 3025 e.
553 2973 663 3025 humare
676 2988 701 3023 m
713 2976 807 3039 patna.
822 2972 929 3025 Ponere
940 2989 1000 3025 cuni
1014 2974 1141 3041 simplici
1152 2978 1249 3032 auat
1261 2977 1338 3044 legitur

172 3041 254 3094 etiam
288 3044 336 3095 'eo.
360 3042 410 3103 lll,
431 3045 487 3094 tus.
514 3039 1007 3103 nen.11,1s2.vlll,335.xl‚67.
1045 3040 1241 3099 Consentiunt
1259 3058 1337 3098 mann

171 3109 254 3161 ecteri
272 3110 431 3162 recentiores
456 3109 573 3160 editores
592 3110 700 3175 praeter
717 3106 898 3170 Gossravium,
928 3108 974 3175 qui
991 3111 1095 3171 censet,
1130 3111 1188 3165 iarn
1208 3112 1337 3165 collocatio

172 3192 232 3229 nem
258 3177 399 3230 verberum
428 3176 522 3229 docere
549 3173 736 3241 coniungenda
760 3190 818 3228 esse
832 3175 930 3244 patria
946 3177 1083 3228 «beccam
1101 3182 1131 3231 et
1147 3198 1259 3248 ponere
1275 3188 1336 3232 aas,

175 3275 202 3282 —
220 3242 285 3302 509.
316 3244 370 3295 Ad
415 3260 486 3296 uae.
521 3243 617 3295 Falsas
637 3241 765 3294 lectiones
784 3251 864 3311 utque
881 3243 926 3295 hic
942 3242 985 3295 vel
1004 3251 1090 3311 atquc
1108 3247 1182 3300 hirec
1202 3252 1277 3301 ortae
1293 3245 1337 3299 suri

171 3328 201 3362 er
220 3310 292 3364 Med.
311 3310 379 3364 etP
408 3353 413 3364 .
444 3310 579 3377 scriptura
596 3311 637 3370 At¹
650 3326 727 3376 quac.
757 3310 906 3371 (lemmata,
933 3311 1032 3377 quibus
1050 3312 1099 3365 vul
1122 3314 1258 3369 evocat.
1274 3315 1337 3367 crae

173 3378 331 3445 includitur,
349 3395 409 3432 curn
431 3379 526 3446 Wagn.
545 3376 714 3440 sustulimus,
735 3377 798 3445 qnia
814 3377 969 3430 interiectio
986 3378 1022 3431 ab
1040 3394 1071 3431 eo
1114 3381 1241 3437 isiuncta
1261 3388 1303 3435 est
1317 3406 1336 3416 -

170 3446 258 3497 nihil
276 3448 340 3498 tibi
357 3446 526 3510 relictam,
545 3444 612 3498 nihil
630 3460 647 3497 a
665 3449 692 3497 te
710 3444 849 3505 emissum,
870 3444 1022 3512 neglectum
1041 3450 1096 3509 est,
1116 3450 1193 3517 quod
1215 3451 1279 3504 mihi
1293 3462 1336 3517 gn·

170 3513 267 3566 tifieari
297 3529 399 3580 posses,
429 3513 469 3566 ita
499 3516 530 3566 ut
555 3512 602 3566 alii
620 3512 770 3565 laciendum
789 3512 962 3580 relinqueres.
998 3513 1122 3568 Verbum
1142 3519 1336 3575 substantivus

171 3580 241 3698 quod
260 3580 504 3706 inbrffitiq{entrefis⁴
520 3579 737 3699 editt'shhdilsud’
751 3579 859 3699 duillius
878 3579 1278 3708 c⁰d²l¹lehdli⁸sdu⁰iirii⁸dtl
1290 3582 1336 3701 'iil

185 3664 263 3701 m.-
347 3691 353 3703 .
423 3664 570 3700 ereo
801 3664 982 3700 rromsa.
1054 3690 1059 3701 .
1120 3667 1198 3706 ne.
1281 3686 1336 3711 „

172 3714 217 3766 ubi
249 3718 356 3781 praeter
386 3666 575 3769 lmucpleeum
609 3715 672 3768 addi
692 3663 804 3783 poshunt
866 3719 948 3778 ,dett
969 3716 997 3767 et
1014 3714 1047 3778 X,
1066 3721 1131 3771 374.
1152 3753 1188 3760 -
1210 3719 1335 3788 saneris.

171 3782 289 3848 corporis
307 3783 415 3846 mortni,
447 3782 831 3851 utsuprau‚150.etinira
850 3781 897 3844 IX,
928 3786 985 3835 491.
1010 3787 1039 3835 et
1058 3799 1103 3851 ap.
1123 3785 1255 3855 Propert.
1274 3788 1292 3842 1.
1310 3788 1335 3838 ti.

171 3857 193 3903 a.
214 3849 355 3902 Haeccine
372 3868 467 3918 pereo
488 3869 574 3904 numm
590 3852 678 3914 feceras
695 3868 781 3902 arcora
798 3850 884 3916 leuet!
919 3849 988 3914 Quia
1015 3851 1108 3917 ipsum
1140 3858 1247 3909 mortui
1263 3868 1336 3919 cenas

171 3933 221 3968 nen
256 3917 394 3970 invenerat
424 3918 536 3984 Aeneas,
565 3920 677 3969 ambae
706 3919 812 3969 tautum
825 3918 940 3986 semeriis
958 3927 1225 3978 commemorantur.
1245 3955 1272 3962 -
1289 3939 1336 3973 aa·

174 3985 249 4037 bris
266 3988 356 4038 autem
374 3985 479 4039 Plurali
497 4001 616 4048 numere,
647 3986 678 4035 ut
695 3984 742 4050 lV,
762 3988 820 4037 etr.
852 3985 883 4049 V,
904 3988 945 4037 st.
965 3983 1039 4038 alibi.
1075 3986 1188 4044 Peerlk.
1209 3988 1336 4044 suanus
1389 4048 1390 4056 ἵ

170 4067 254 4119 genus
282 4052 387 4105 dicendi
419 4053 535 4121 Vergilio
564 4051 703 4119 indignum
731 4055 829 4106 censet.
848 4083 880 4090 -
898 4051 958 4111 blt.
992 4053 1115 4110 Dietsch.
1148 4056 1247 4113 Theoi.
1276 4056 1336 4121 Vera.

169 4137 197 4187 p.
217 4123 260 4174 29.
291 4119 351 4173 coll.
377 4119 491 4175 nluenh.
524 4136 549 4187 p.
565 4125 630 4188 AB,
657 4119 703 4187 qui
731 4118 834 4183 doceat,
868 4119 911 4173 hic
938 4120 1055 4173 discerni
1085 4123 1150 4176 tata
1182 4128 1219 4180 ab
1242 4125 1337 4178 fluens

169 4187 281 4252 scelere,
315 4204 375 4241 cum
410 4187 516 4242 dicatur
550 4187 631 4241 fatale
662 4188 745 4240 tuisse
776 4187 929 4255 Deiphobo,
964 4191 995 4239 ut
1024 4205 1073 4255 per
1113 4192 1239 4247 Helenae
1270 4191 1338 4245 sals

170 4257 227 4308 tam
257 4256 353 4310 misere
383 4256 495 4324 periret,
527 4259 598 4308 reete
626 4254 744 4323 quaerit:
777 4255 890 4317 „Nonne
918 4254 981 4307 inde
1011 4259 1196 4325 perspicitur,
1228 4262 1266 4315 sie
1294 4275 1338 4312 ear

169 4322 255 4375 saissa
292 4323 453 4392 Vergilium:
487 4323 609 4384 etiamsi,
645 4326 675 4376 ut
711 4322 815 4376 lacinus
844 4323 951 4392 aliquod
986 4324 1079 4388 fieret,
1117 4327 1189 4382 fatis
1221 4331 1338 4383 decretu·

169 4392 254 4453 esset,
287 4392 378 4445 tanum
407 4407 481 4453 eum,
512 4391 558 4459 qui
588 4393 768 4459 perpetraret,
798 4391 878 4460 culpa
908 4407 958 4444 neu
988 4389 1151 4448 liberari?“
1206 4397 1295 4456 Sed,
1319 4397 1339 4444 ut

169 4473 248 4576 :gepa
275 4459 313 4511 sit
340 4458 476 4579 regeuntis
504 4459 542 4579 acl,
564 4458 728 4579 lsupctrsserem
756 4460 913 4578 orattiontem,
934 4458 980 4578 l:ric
1003 4459 1050 4537 ,hic
1077 4477 1139 4516 esse
1168 4463 1340 4589 resffideatis

168 4542 260 4644 ned*
268 4542 346 4646 idilide
368 4534 640 4662 qiiihi,l'0bie'rv¹i¹t
657 4542 939 4662 wiesche&
955 4541 1119 4651 ffieitlsisll
1147 4548 1203 4656 edi
1224 4603 1248 4663 Ι,
1269 4546 1342 4656 ,¹⁹un
