2812 4974
243 219 301 281 116
589 210 628 277 Ρ.
648 206 836 274 VERGIIJ
854 205 1055 274 morus

243 380 311 444 'l'er
332 380 456 442 cneum
475 375 594 441 Iliacos
615 385 808 462 raptaverat
825 374 972 440 Hectora
991 396 1102 440 muros

240 463 504 559 Exanimumque
525 483 605 525 auro
628 481 747 545 corpus
768 457 932 523 vendebat
952 457 1108 523 Achilles.

243 546 329 610 Tum
350 567 428 609 vero
447 553 613 629 mgentem
634 543 792 628 gemitum
813 540 872 606 dat
891 551 1023 628 pectore
1044 540 1088 606 ab
1108 541 1186 622 imo,

240 628 287 693 Ut
308 651 324 691 s
349 627 424 709 olia,
444 637 480 691 ut
501 649 626 708 currus,
646 635 746 711 utque
767 626 875 711 ipsum
897 646 1016 711 corpus
1037 625 1135 689 amici

240 651 505 796 Tendentemque
525 732 640 773 manus
661 707 829 772 Priamum
851 729 928 772 cons
972 709 1021 772 xit
1041 708 1185 771 inermis.

242 794 285 858 Se
311 815 439 880 qnoque
454 790 658 879 principibus
680 792 878 877 permixtum
942 791 1058 876 gnovit
1078 789 1217 856 Achivis

240 1061 320 1114 Brut.
337 1076 379 1129 ep.
399 1062 437 1113 16.
455 1057 553 1111 Trhnll.
573 1057 625 1125 Ill,
645 1062 670 1125 3,
684 1060 725 1112 28.
743 1058 832 1126 ibique
850 1056 970 1111 Huschl.
988 1057 1137 1112 llitachm
1155 1055 1192 1111 ad
1209 1057 1274 1112 Hor.
1293 1056 1323 1113 Ol

241 1133 283 1195 23,
305 1133 346 1181 19.
371 1126 449 1204 Iahn-
473 1125 508 1181 ad
530 1124 708 1205 Ovid'lrist.
726 1125 749 1192 1,
767 1129 792 1192 3,
809 1123 951 1204 1153Bach.
971 1124 1051 1178 Geta
1068 1128 1097 1179 d
1115 1125 1323 1247 6666126646

244 1199 301 1249 166.
335 1195 488 1262 Conington
511 1193 625 1247 contem
650 1193 726 1247 rubet
749 1195 911 1246 contrariam
935 1194 1098 1246 sententiam
1121 1209 1163 1247 a.
1189 1192 1269 1247 Ovid.

240 1267 265 1328 3,
284 1267 327 1316 45.
360 1263 410 1316 Aa
426 1270 513 1314 eatan
531 1259 623 1314 661666
638 1259 743 1314 rettudit
759 1260 812 1312 illo
830 1260 941 1326 (Venual
958 1278 1030 1314 mor.
1049 1292 1082 1300 —
1235 1261 1261 1320 'l-
1292 1261 1323 1322 „l

338 1333 444 1383 entnm:
468 1329 591 1382 redditio
610 1328 739 1398 corporea
756 1328 889 1380 Hectorei
909 1344 939 1380 ex
963 1327 1043 1380 Iliad.
1068 1327 1158 1382 XXIV
1185 1332 1236 1381 478
1250 1345 1308 1398 sqq.

239 1414 272 1451 ve
299 1397 335 1451 ad
352 1397 420 1450 artis
436 1397 582 1449 rationem:
609 1403 812 1466 raptaverat
828 1394 926 1462 [adhue
942 1395 1106 1462 spirantem:
1134 1369 1170 1449 cl.
1193 1396 1277 1450 etiam
1294 1396 1323 1449 At

239 1466 324 1533 27213
342 1463 473 1518 namhoc
492 1468 682 1525 antecesserat,
701 1466 730 1516 et
748 1477 844 1530 corpus
862 1462 979 1515 lacerum
999 1466 1029 1516 et
1047 1461 1186 1516 foedatum
1201 1464 1323 1518 immane

240 1532 430 1586 contumeliam
446 1531 488 1583 vel
508 1531 536 1583 in
553 1529 604 1583 tali
621 1546 700 1599 opere
785 1545 829 1583 ere
880 1533 962 1582 terat.
996 1530 1159 1610 [Conington
1178 1535 1243 1598 apte
1261 1531 1323 1585 conl

240 1600 332 1654 milem
342 1598 432 1677 locum
443 1598 509 1650 Aen.
526 1597 666 1677 91116646
678 1614 718 1667 sq.
738 1597 748 1649 i
767 1597 828 1666 ique
840 1546 1055 1677 dissonamperi.
1069 1597 1266 1677 «1666366661.
1293 1598 1323 1651 ll

240 1681 532 1800 teuttt‘tvlffit
549 1664 643 1799 itt
662 1669 705 1786 il
722 1664 1323 1800 hlhlmeiffliidimii'fflulli

241 1802 327 1867 ml,
347 1801 428 1867 208.];
447 1815 541 1853 caesus
557 1772 649 1853 intem
667 1799 762 1852 statim
779 1800 814 1852 ad
832 1814 923 1866 naves,
941 1816 956 1853 e
974 1815 1054 1852 curru
1071 1799 1184 1869 ligatus,
1205 1800 1323 1854 trahitur

241 1887 266 1922 v.
285 1873 344 1922 399.
365 1868 463 1936 sqq.].“
499 1867 587 1936 Heyn.
622 1867 663 1920 Cf.
690 1866 732 1920 He
770 1866 787 1879 ““
809 1866 871 1919 Fac.
893 1867 995 1920 XVIII·
1018 1866 1053 1920 ad
1071 1866 1099 1920 h.
1117 1867 1149 1932 l.,
1177 1868 1206 1920 in
1224 1883 1278 1936 qno
1296 1867 1323 1920 d(

241 1937 281 1990 Vc
317 1936 393 1989 ‘'nm
414 1935 451 1988 im
471 1935 547 1987 rimis
567 1934 658 2002 Eurip.
682 1935 724 1986 An
775 1951 811 1988 m.
837 1938 894 1987 105.
919 1937 975 1986 196.
998 1933 1034 1986 ab
1056 1933 1143 1987 Ennio
1166 1934 1323 1988 latinaml

241 2004 287 2063 (cf.
366 2004 382 2015 “”
403 2004 446 2056 An
480 2001 583 2055 omach,
607 2001 808 2069 fr.12.p.239.
829 1999 972 2054 Hessels.
1006 2005 1085 2080 Ὗ195.
1098 2000 1177 2055 Vahl
1201 2001 1317 2055 Vidi·-

241 2073 387 2125 Hectorem
394 2070 564 2140 quadrionae
573 2070 760 2148 raptarier)
770 2073 834 2148 ante
843 2067 935 2147 oculo-a
943 2017 1083 2131 hedmere
1095 2068 1135 2122 Ve
1170 2069 1323 2123 'liumantta

238 2139 394 2200 Homerum,
418 2137 451 2191 ob
470 2135 562 2190 oculos
580 2136 664 2190 luisse
681 2138 784 2189 anoton
842 2140 874 2189 rt.
890 2135 970 2190 lhad.
990 2139 1063 2189 root.
1144 2138 1150 2148 '
1266 2155 1323 2191 erae

238 2208 358 2260 merubra
372 2204 427 2256 Ter
443 2204 547 2256 ciram
563 2221 656 2256 maros
674 2205 763 2256 vietor
782 2212 808 2256 tr
845 2205 875 2269 s't,
893 2203 941 2257 ubi
958 2202 993 2257 cf.
1005 2203 1173 2259 Wernsdorl.
1208 2207 1277 2258 cett
1290 2205 1323 2257 mi

241 2273 287 2327 lv.
307 2288 332 2340 p.
347 2275 403 2325 742.
438 2269 604 2338 Cogitandna
621 2274 710 2324 antem
731 2274 774 2324 est
794 2270 912 2324 Achilles
932 2270 960 2323 in
978 2270 1209 2326 tentoriosedens
1227 2275 1323 2326 etant

240 2341 366 2393 Priamus
382 2337 495 2405 supplex
512 2340 540 2390 et
557 2337 676 2390 divinum
694 2337 775 2391 illud:
806 2344 927 2401 Μνῆσαι
945 2358 1001 2389 aar
1026 2338 1052 2399 ’ς
1073 2345 1134 2392 σεῖο
1153 2339 1265 2393 iamiam
1283 2339 1323 2394 lar

239 2409 325 2477 piens.
338 2438 370 2446 —
387 2423 470 2459 auro
487 2422 610 2474 corpas
628 2407 748 2471 (mortuil
766 2406 932 2459 vendebat
948 2406 998 2458 Ae
1024 2406 1117 2472 illes,
1138 2406 1197 2460 scil.
1214 2406 1323 2461 Priamo

240 2475 287 2594 Hm
302 2476 385 2527 noctu
402 2472 527 2541 precibus
545 2472 649 2526 adierat
668 2472 813 2540 Achillem,
839 2476 871 2525 nt
891 2472 941 2525 filii
961 2488 1058 2541 corpus
1075 2473 1262 2542 sepeliendum
1280 2491 1323 2528 rec

266 2558 318 2594 om.
331 2541 350 2595 l
363 2540 383 2593 L
397 2557 423 2594 v.
438 2543 617 2661 232flpvooo
631 2541 661 2593 dl
674 2539 779 2604 στήσας
799 2541 901 2609 ἔφερεν
919 2540 986 2593 δέκα
1005 2539 1099 2594 noina
1112 2540 1249 2595 τάλαντα.
1269 2541 1314 2596 ct.

238 2608 343 2662 adnott.
360 2607 396 2662 ad
411 2609 478 2661 hen.
554 2610 627 2675 273,
649 2606 720 2661 undo
736 2607 891 2677 apparebit,
909 2606 1055 2661 Henricum
1076 2608 1166 2662 locum
1188 2609 1229 2663 sic
1253 2609 1323 2664 intel

240 2692 338 2745 corpus
354 2676 412 2744 ipso
431 2674 540 2728 demum
557 2673 690 2743 raptando
709 2691 818 2754 prorsus
835 2675 1016 2729 exanimatum
1034 2675 1169 2730 vendebat
1186 2676 1319 2731 Achilles.

240 2761 300 2797 rum
324 2743 358 2797 cl.
383 2744 449 2796 Aen.
468 2742 514 2803 Vl,
533 2745 593 2795 621.
626 2743 758 2796 Venetae
777 2743 823 2796 hie
847 2760 918 2795 aare
938 2744 1073 2812 patriam
1108 2744 1264 2813 Conington
1286 2762 1323 2814 pn

238 2813 377 2880 comparat
393 2811 465 2865 stat.
483 2809 546 2863 silv.
564 2810 600 2873 Π,
620 2813 644 2876 l,
657 2815 699 2863 55.
717 2811 811 2864 Ladas
827 2811 949 2863 Hectora
965 2809 1163 2881 Thessalosque
1180 2830 1281 2866 mas
1298 2813 1323 2866 E

235 2879 302 2949 pla
317 2878 431 2932 Priami
468 2878 564 2930 oteuts'e
579 2895 687 2931 merant.
705 2910 737 2917 --
754 2875 819 2938 485.
844 2878 884 2930 Ut
902 2879 1015 2947 spolio
1033 2879 1084 2932 etc.
1102 2881 1257 2949 conspectat,
1277 2885 1323 2933 tras

239 2946 304 3009 (vid,
324 2945 358 3000 ad
376 2945 434 3000 Eel
492 2986 499 3012 ,
518 2948 570 3010 27.)
590 2946 721 3013 inqentem
739 2946 866 3010 pemitrtm
882 2947 933 2998 dat
945 2963 976 3023 p.
994 2947 1030 2998 ab
1043 2948 1119 3013 airam·
1137 2962 1191 2999 non
1209 2946 1306 3002 inanes

238 3015 386 3136 6566166,ῒ
402 3029 472 3133 opus
476 3029 580 3133 dimtdin
587 3012 634 3066 ille
651 3014 769 3132 35ξωί666
786 3011 866 3091 longe
874 3011 1085 3133 fflcantior.
1104 3043 1135 3052 -
1154 3016 1311 3094 pensitam

237 3085 373 3217 demitabbe
386 3098 404 3135 a
443 3122 469 3215 e,
483 3098 558 3202 veclut
576 3146 626 3203 Ovi
648 3088 862 3226 ‚H'ffiq‘ffi'f'i'i
880 3147 946 3201 llet.
960 3096 1150 3214 chmt.
1177 3082 1323 3204 SVidplbbial'

239 3221 306 3270 nott.
324 3218 359 3271 ad
377 3217 438 3282 Vll,
456 3220 513 3269 566.
534 3245 566 3254 -—
585 3215 723 3282 „Adstant
742 3230 773 3267 ex
790 3214 844 3268 aba
860 3217 939 3283 parte
956 3215 1085 3284 spolia,
1109 3215 1136 3269 h.
1153 3232 1176 3269 e.
1197 3233 1289 3282 mma,
1316 3234 1323 3271 e

238 3301 346 3338 caesum
354 3285 496 3336 Hectorem
508 3282 673 3352 spoliaverat
684 3282 779 3344 victor,
798 3300 931 3348 carras,
951 3283 994 3335 cui
1012 3282 1150 3352 illigatum
1169 3300 1232 3338 eum
1246 3288 1323 3365 rapta

239 3356 267 3405 et
284 3353 390 3420 ipsam
409 3368 531 3419 corpor
547 3351 659 3430 amici,
677 3367 715 3404 se.
735 3349 867 3428 Hectoris,
886 3365 1015 3428 excurro
1033 3351 1167 3419 supinum,
1186 3351 1296 3421 pulven
1312 3353 1323 3406 i

236 3417 467 3564 titillet?
503 3416 685 3562 Pallet
701 3416 1323 3564 ,‘⁰¹.‹c⁰¹t⁸„i⁸tt⁶lt,fthlltla⁰tht

239 3559 338 3607 rectius
361 3568 413 3605 non
431 3550 464 3605 de
476 3550 599 3612 Achillis,
618 3551 665 3605 sed
683 3550 715 3606 de
754 3554 851 3604 ectons
867 3569 951 3605 erem
967 3555 1078 3620 cogitat,
1098 3569 1160 3606 cum
1177 3554 1254 3607 iuxta
1272 3571 1323 3634 cor]

240 3620 327 3673 solis
343 3619 467 3672 Hectoris
490 3635 543 3671 non
565 3619 602 3672 eit
619 3619 695 3672 loona
712 3617 825 3672 Achillia
843 3619 945 3682 currui,
971 3618 1015 3672 hic
1036 3623 1128 3673 antem
1153 3636 1206 3675 non
1230 3638 1323 3691 conspr

237 3639 337 3741 libetur
356 3686 464 3739 victoris
481 3686 571 3740 currui
627 3687 632 3699 ’
670 3690 725 3749 tus,
743 3685 791 3740 sed
808 3701 904 3754 corpus
921 3686 1043 3740 eiusiam
1054 3686 1195 3742 venditum
1208 3688 1323 3757 Priamo,

237 3755 356 3809 Achilles
373 3758 454 3807 antea
470 3773 503 3806 ra
525 3761 633 3807 maerat
652 3762 689 3814 (v.
707 3757 786 3808 4833.
822 3754 862 3807 Dc
878 3754 977 3807 Partic.
995 3762 1026 3806 ut
1042 3757 1085 3808 ter
1103 3756 1222 3824 repetita
1238 3756 1323 3811 Burm

237 3823 303 3876 ferri
320 3823 396 3876 iubet
414 3821 467 3875 Ecl.
527 3824 594 3884 ,66
612 3821 674 3876 (loo.
692 3821 715 3884 l,
736 3824 791 3874 135.
810 3821 875 3874 Aen.
894 3821 916 3882 1,
936 3823 994 3873 296.
1012 3825 1071 3875 398.
1084 3825 1144 3876 669.
1163 3823 1299 3878 Drakenb.
1319 3842 1323 3878 ι

237 3891 299 3955 Xll,
320 3894 385 3951 187,
404 3905 455 3942 sua
472 3889 507 3943 ad
525 3889 598 3943 Suet.
616 3889 674 3944 lib.
692 3892 733 3942 21.
752 3888 867 3942 Gronov.
885 3887 921 3943 ad
936 3888 1006 3942 Gell.
1019 3889 1070 3951 ΠΙ,
1083 3894 1108 3943 9.
1123 3890 1199 3945 etad
1211 3891 1271 3945 liv.
1284 3892 1323 3946 x}

237 3965 262 4014 9.
280 3989 311 3999 -
331 3958 398 4019 487-
426 3957 574 4024 „Marsus
594 3956 734 4010 inermes
752 3955 806 4008 noli
824 3956 939 4009 inertem
955 3958 1051 4024 putare
1068 3962 1204 4011 ornatum.
1239 3960 1313 4014 Nam

238 4044 269 4081 eo
288 4029 421 4107 spectant,
458 4025 512 4105 uod
529 4025 679 4145 iptravolrat
695 4022 806 4144 hostilrt'ea
821 4027 921 4143 caph&
939 4023 1208 4144 supplendadssenua
1220 4026 1322 4081 Achilli

236 4095 389 4222 &fugin
401 4094 517 4215 dobivtibr
524 4109 730 4230 ppppnipctspppn
741 4090 858 4237 3001&
875 4106 1051 4238 npddbypoqdl
1072 4094 1323 4233 ilblbfxaibcbl’pd

237 4232 293 4282 tem
310 4231 428 4283 Aeneam
451 4244 531 4296 saepe
548 4243 591 4296 ap.
609 4228 716 4282 Homer.
740 4242 872 4292 mvemas,
897 4242 934 4278 un
954 4242 1029 4279 nmis
1049 4181 1081 4280 ii.
1099 4226 1131 4280 V.
1150 4231 1178 4281 et
1195 4229 1269 4293 XX.;
1296 4233 1323 4284 al

238 4297 272 4349 ad
289 4298 438 4365 posteriora
454 4299 576 4363 tempora
595 4295 766 4362 respicitur.“
798 4293 889 4361 Heyvs.
961 4295 991 4347 ta
1006 4293 1098 4362 ign‘tnr,
1117 4294 1152 4348 ad
1169 4295 1324 4351 aliamima

236 4365 354 4417 transire
374 4367 495 4431 poetam,
522 4378 590 4433 quae
611 4377 769 4416 concursum
791 4360 971 4429 pugnantium
994 4363 1223 4430 repraesentabat.
1259 4365 1314 4420 Sed

236 4431 369 4499 prioribus
407 4430 533 4491 rolixum,
560 4430 599 4483 ita
621 4429 676 4493 hic,
696 4430 742 4483 nbi
759 4429 865 4482 Aeneas
882 4431 969 4508 semet
983 4429 1073 4496 ipsum
1090 4431 1234 4509 conspicit,
1262 4433 1323 4488 bret

236 4515 297 4552 enm
315 4515 374 4551 esse
389 4447 512 4553 decebat.
547 4498 673 4551 Ceterum
691 4514 744 4551 non
767 4498 867 4550 temere
885 4495 992 4550 Servius
1013 4501 1133 4566 quaerit,
1170 4499 1288 4556 uomodo
1308 4503 1323 4555 l

222 4582 256 4617 se
269 4567 396 4634 potnerit
417 4567 444 4619 in
469 4566 579 4633 pictura
601 4564 780 4635 cognoscere?
810 4563 929 4688 adeotpre
952 4563 985 4618 de
1005 4565 1111 4618 nostine
1135 4515 1276 4636 adscripto
1295 4585 1323 4622 co

210 4638 290 4687 recta
313 4636 408 4689 tamen
430 4633 577 4705 adiungit,
602 4637 697 4707 potins
721 4653 754 4692 ex
774 4634 858 4689 iactis
894 4632 1002 4688 ortibus
1016 4632 1124 4703 tumoris
1137 4634 1224 4686 etium
1238 4652 1272 4687 ex
1285 4652 1323 4688 an
