2812 4974
382 226 612 302 AENEIDOS
634 231 715 301 L1B.
737 232 762 302 1.

90 400 174 488 Phry
197 424 243 485 es,
264 403 402 466 instaret
421 423 518 465 curru
541 402 694 467 cristatus
715 399 867 467 Achilles.

82 507 157 571 proc
212 485 287 549 hinc
302 484 408 557 ‚Rhesi
428 485 532 549 niveis
552 487 694 550 tentoria
714 484 796 549 velis

75 570 170 633 nosch
189 568 377 649 lacrimans,
398 569 504 656 primo
527 589 610 655 quae
632 567 764 656 prodita
786 590 898 634 somno
1109 585 1159 634 470

75 871 90 920 Ι.
124 865 166 919 61.
184 865 267 919 etlam
286 865 390 921 adnott.
409 866 444 920 ad
462 866 526 921 Geo.
545 867 593 929 IV,
614 869 670 920 126.
690 898 723 906 -
740 865 899 929 lto-468.
926 866 1007 922 Videt
1024 868 1053 921 in
1069 869 1156 936 paric-

80 934 197 1003 portieus
216 933 268 987 sibi
286 933 427 988 contrariis
445 937 473 988 ct
491 934 519 986 in
536 933 627 1001 plures
650 934 748 988 ariolus
769 935 920 1014 dispertitis
940 939 998 989 octo
1016 937 1154 1005 imagines,

75 1019 99 1054 m
115 1002 194 1054 binae
211 1001 264 1053 sibi
286 1001 462 1070 respondent,
486 1001 612 1054 victoriae
635 1001 759 1055 Hectoris
788 1001 1049 1070 victoriahchillis,
1077 1006 1157 1058 morti

83 1085 153 1122 mors
162 1067 254 1132 Troili,
273 1067 421 1122 Troadibus
438 1068 545 1122 Palladi
564 1069 778 1137 supplicantibus
797 1069 921 1123 Priamus
938 1069 1037 1123 Achilli
1055 1072 1157 1140 suppli·

75 1139 101 1189 et
121 1136 273 1189 Memnonis
296 1152 402 1205 pugnae
422 1136 588 1189 Amazonum
611 1135 749 1204 proelium.
785 1136 854 1189 Cum
871 1139 962 1190 autem
979 1136 1069 1191 Iliacis
1087 1142 1156 1192 tem-

75 1222 93 1256 s
123 1203 234 1273 iugendi
251 1219 295 1257 ars
315 1203 433 1257 nondum
451 1203 564 1257 inventa
582 1202 672 1266 fuerit,
692 1204 732 1257 He
769 1203 936 1258 iusiullxc.
955 1204 1012 1258 XV.
1033 1204 1156 1259 adhunc

111 1288 126 1324 e
145 1270 302 1339 anaglypho
319 1287 397 1340 opere
415 1287 447 1325 ex
466 1287 528 1325 aere
551 1270 623 1323 facto
641 1271 731 1339 cogita
764 1269 834 1336 (coll.
854 1274 961 1339 praeter
973 1271 1073 1324 multos
1090 1273 1156 1326 ahos

75 1338 103 1391 io
124 1339 183 1407 ipso
205 1337 401 1399 Geo.111‚2o.
427 1340 455 1390 et
472 1339 539 1394 Aen.
559 1338 606 1399 VI,
624 1341 657 1391 20
675 1342 728 1408 sq.)
750 1337 826 1407 olque
850 1338 947 1391 rationi
971 1355 1024 1392 non
1050 1339 1156 1394 obstare

88 1407 219 1475 proavae
236 1423 261 1460 v.
272 1408 330 1458 464.
350 1406 507 1469 arbitratur,
526 1421 595 1474 quae
612 1405 717 1473 poetica
735 1404 871 1474 elegantia
887 1405 920 1459 de
938 1406 1051 1475 „quovis
1069 1423 1155 1475 opere,

75 1472 173 1541 figuras
195 1490 286 1526 rerum
307 1488 339 1526 ac
364 1474 441 1542 signa
460 1475 661 1553 repraesentet“
684 1472 737 1526 dici
756 1472 848 1540 p'ossit.
884 1472 954 1526 (lum
971 1477 1063 1527 tamen
1080 1474 1152 1527 aliud

75 1541 133 1594 lum
152 1540 280 1594 vocabuli
300 1539 352 1594 bac
368 1540 464 1594 latiore
481 1539 676 1608 significatione
697 1539 821 1608 usurpati
838 1555 970 1610 nusquam
987 1540 1101 1595 inveniri
1118 1541 1157 1594 vi-

75 1627 87 1671 ·,
123 1609 214 1661 ictura
231 1610 325 1662 autem
338 1608 423 1661 multo
436 1609 554 1662 breviore
568 1610 688 1676 tempore
698 1608 790 1662 confici
801 1607 895 1676 possit,
915 1624 995 1678 quam
1007 1608 1154 1676 sculptura,

116 1675 243 1745 crgilium
266 1674 300 1729 de
322 1675 421 1745 templo
443 1676 517 1729 brevi
540 1678 603 1729 aute
625 1674 733 1729 condito
755 1675 908 1744 loquentem
930 1676 1011 1730 etiam
1030 1675 1074 1730 hle
1092 1691 1156 1729 suae

75 1759 192 1797 rmores
213 1742 249 1797 ad
273 1743 460 1812 antiquissima
483 1743 531 1796 illa
555 1745 678 1809 tempora
698 1741 872 1796 transtulisse
894 1744 1051 1811 putaverIm.
1087 1743 1156 1797 Vide

93 1827 115 1863 v.
136 1814 207 1874 469,
226 1810 274 1863 nbi
289 1811 387 1864 aissa
404 1811 466 1864 velo
482 1812 590 1864 nostrae
608 1809 725 1878 opinioni
742 1810 830 1864 lavere
849 1809 981 1864 videntur.
1017 1810 1156 1879 „Respicit

75 1894 154 1957 nrum
175 1893 309 1957 pugnam,
336 1877 461 1957 Patroclo
484 1877 578 1958 occiso,
597 1876 709 1940 iactam,
733 1894 794 1931 curn
811 1892 903 1931 vorsus
926 1880 1015 1931 castra
1033 1878 1156 1957 fugerent

75 1944 1155 2092 fttasttttttttdsttttssltttfttdtl·ttttlttttff

75 2097 178 2150 emque
198 2052 346 2159 occidutII.
363 2080 551 2158 xlx-xxm..
583 2028 651 2132 gum
668 2079 773 2134 Rhesus
795 2095 855 2132 mox
873 2094 901 2132 se
920 2082 1014 2142 uetur,
1038 2079 1156 2133 nolursse

77 2153 134 2202 tem
171 2165 232 2201 rum
254 2147 374 2201 ordinem
395 2163 500 2202 servare
525 2144 653 2200 drceudus
671 2150 721 2201 est.
751 2147 820 2201 Cum
835 2163 860 2200 v,
919 2146 945 2206 7.
962 2148 1030 2201 boue
1049 2162 1155 2215 compa-

75 2216 94 2268 l
154 2215 187 2279 V,
209 2219 250 2269 14.
287 2219 359 2277 Τοὺς
376 2216 431 2289 μὲν
447 2215 635 2285 ὀρινομένους,
654 2216 717 2274 τοὺς
736 2214 767 2267 δὲ
785 2217 948 2275 κλονέοντας
968 2212 1104 2278 ὄπισθεν,
1127 2217 1155 2267 et

75 2283 91 2347 ³,
110 2287 157 2335 7.“
192 2282 267 2336 Haec
284 2282 387 2352 ΗΜ,
432 2281 461 2335 ui
477 2281 540 2335 huic
556 2281 614 2334 loco
630 2280 720 2350 plures
738 2280 837 2335 adiecit
854 2296 988 2336 excursus.
1008 2313 1041 2321 —
1065 2283 1155 2335 Vide-

75 2351 128 2403 ati
149 2379 161 2390 ·
185 2379 198 2391 ·
212 2352 377 2418 superent
431 2349 502 2403 raii
522 2348 615 2403 codem
638 2347 716 2402 modo
742 2349 856 2413 dictum,
886 2365 938 2417 quo
959 2348 1017 2403 Ecl.
1042 2349 1088 2412 VI,
1113 2351 1153 2403 31.

75 2415 499 2551 ν..
515 2419 556 2537 c·
570 2415 658 2537 co
676 2423 708 2536 o

75 2571 83 2606 r
100 2553 227 2606 iuberent
241 2552 307 2606 Hoc
322 2553 418 2616 Amor,
437 2552 489 2605 boc
507 2551 601 2613 Liber,
620 2551 707 2603 ἄοινον
723 2559 784 2604 uter
854 2551 921 2604 dem
933 2552 962 2604 ct
974 2551 1063 2604 Hand.
1118 2568 1152 2603 rs.

93 2626 120 2674 3.
157 2619 219 2672 Vid.
238 2620 328 2687 etiam,
347 2618 465 2688 quaeda
484 2619 528 2672 hic
545 2648 557 2658 -
576 2647 588 2659 -
605 2617 649 2670 bic
668 2616 702 2671 ad
719 2618 776 2672 Ecl.
834 2659 841 2681 ,
860 2620 900 2671 56.
913 2617 1107 2672 adnotavimus.
1121 2644 1156 2657 ·-

75 2704 131 2742 cre
154 2686 273 2754 bostem,
301 2688 412 2741 verbum
452 2686 569 2755 roprium
591 2684 624 2739 de
644 2683 696 2738 bac
715 2702 752 2740 re.
787 2685 838 2753 (Cf.
857 2684 914 2738 Liv.
933 2686 955 2749 I,
974 2690 1015 2753 57,
1034 2687 1057 2738 3.
1074 2684 1151 2739 Caes.

77 2704 547 2819 marceschiae.
571 2753 646 2817 cett.)
680 2752 724 2806 Sic
746 2752 811 2807 den.
836 2752 914 2817 VIII,
933 2756 990 2808 249.
1027 2753 1155 2822 Desuper

75 2840 96 2876 a
115 2823 179 2875 telis
197 2823 306 2891 pressit.
342 2821 383 2874 Cf.
405 2820 488 2874 etiam
509 2836 592 2889 supra
615 2835 641 2872 v.
660 2822 718 2874 324.
743 2850 775 2859 -
797 2818 863 2879 468.
885 2820 1025 2873 incurat
1046 2836 1154 2873 curru.

75 2889 143 2944 trid.
160 2889 228 2944 liet.
246 2889 308 2952 XII,
327 2893 367 2942 73.
402 2888 464 2941 Iam
482 2905 567 2940 marra
587 2888 711 2940 iaswbat
724 2885 855 2940 Achilles.
872 2915 906 2924 -
926 2887 976 2950 „In
994 2887 1156 2941 cristatos

108 2955 221 3011 Seruius
239 2956 294 3009 vim
311 2956 425 3025 quaerit,
445 2971 506 3009 cum
524 2954 671 3009 secundum
689 2954 768 3008 Hom.
787 2953 820 3007 Il.
841 2953 913 3016 XIV,
931 2956 987 3007 386.
1002 2954 1030 3007 in
1042 2952 1156 3006 Achillis

88 3023 214 3078 tembila
231 3023 359 3092 quiddam
376 3023 471 3086 fuerIt;
493 3022 592 3106 Wagn.
610 3024 701 3076 autom
719 3023 862 3085 memorat,
881 3020 1012 3106 aptiorem
1029 3035 1046 3073 a
1063 3020 1154 3074 Servio

80 3093 204 3162 potasse
214 3091 303 3145 locum
314 3091 348 3144 Il.
355 3090 403 3155 VI,
416 3094 515 3159 ccesq.
525 3091 617 3159 λοφον
630 3091 715 3141 Iunco
735 3093 816 3154 (ἄτην
827 3088 924 3142 δεινον
939 3089 987 3140 ἀπ’
1001 3088 1036 3141 ἀν
1055 3085 1156 3153 οτάτης

75 3181 106 3221 ος
136 3159 256 3214 νεύοντα
282 3157 411 3225 νοήσας.“
446 3157 488 3211 Cf.
512 3156 688 3235 etiamlinfrtt
707 3109 770 3235 XLI,
787 3159 830 3210 89.
852 3184 887 3234 .-
913 3105 1079 3235 469-4ξ3·
1115 3154 1155 3206 De

75 3269 79 3291 ,
93 3227 225 3281 Thraciae
236 3242 298 3296 rege
309 3230 337 3280 et
345 3225 471 3279 Hecubae
482 3224 576 3287 fratre,
590 3239 646 3277 erus
665 3240 698 3277 uc
708 3239 786 3276 socus
796 3239 813 3276 a
825 3221 952 3276 Dromedc
963 3238 1056 3276 occrsrs
1069 3220 1155 3290 deque

76 3295 138 3348 cius
155 3294 192 3348 ab
210 3293 306 3363 Ulysse
323 3287 447 3348 abductis
465 3291 518 3345 vid.
536 3292 615 3345 Hom.
663 3336 667 3345 .
686 3291 719 3353 X,
738 3294 787 3344 433
804 3307 861 3359 sqq.
877 3294 927 3343 410
940 3306 998 3359 sqq.
1017 3293 1044 3343 et
1057 3288 1155 3358 Heynii

75 3363 137 3416 IVI.
156 3360 237 3417 adh.
255 3362 273 3416 l
292 3391 324 3400 -
343 3360 478 3428 „niveis
494 3359 645 3412 tectoria
662 3358 747 3411 velis
764 3358 840 3419 dixit,
867 3357 972 3410 deserto
989 3357 1092 3426 priscae
1110 3372 1155 3410 ae·

75 3446 148 3484 noro.
184 3429 270 3483 Erant
287 3429 356 3483 enirn
374 3427 536 3481 Achivorum
554 3429 582 3480 et
598 3425 772 3479 Troianorum
859 3425 906 3487 ria,
927 3427 1046 3486 κλισίαι,
1078 3424 1114 3477 sti
1133 3424 1156 3476 i·
1197 3435 1207 3455 ⁰

93 3497 196 3551 vimine
218 3499 248 3551 et
303 3511 366 3566 gere
392 3497 481 3549 terrac
506 3492 618 3572 munita.
654 3492 827 3570 [(11Ηοιο.Ι
857 3490 981 3553 .XXIV,
999 3495 1049 3546 448
1063 3441 1152 3561 sqqhss

107 3564 204 3619 Simile
222 3512 418 3618 aua'chrouismi
436 3577 592 3630 genueram
609 3576 692 3629 supra
708 3576 732 3614 ν.
746 3562 801 3613 168,
819 3576 848 3638 ru
867 3574 1025 3613 ancorarum
1042 3576 1093 3613 usu
1108 3558 1154 3612 de·

75 3632 184 3686 rdimns.
230 3631 297 3685 Vela
326 3629 358 3684 de
382 3628 561 3684 tentoriorum
587 3627 751 3697 tegumentis
773 3626 876 3696 legrtur
899 3626 981 3680 etiam
1004 3626 1076 3695 apud
1098 3625 1152 3679 Cic.

75 3700 103 3762 V,
119 3703 160 3766 12,
174 3703 217 3753 36.
234 3697 412 3754 manando
430 3696 568 3750 carbaseis
584 3695 688 3748 intento
702 3695 778 3748 colis.
790 3726 823 3734 —
836 3690 901 3753 470.
917 3694 1027 3764 primo
1044 3710 1154 3746 somno

75 3812 76 3818 ,
105 3765 168 3821 coll
191 3766 284 3837 Eurip.
300 3765 380 3820 ltbes.
400 3768 457 3818 600.
476 3762 567 3832 paullo
591 3761 762 3816 artifioIosius
786 3760 914 3830 explicat:
942 3761 1048 3829 ,prims
1069 3763 1156 3822 nocte,

87 3833 199 3914 Itbesus
222 3834 257 3914 ad
279 3833 386 3913 Troiam
406 3831 573 3899 transegit,“
600 3829 768 3884 adsentiente
789 3831 880 3882 tamon
902 3828 944 3882 Ka
997 3829 1035 3908 sto
1053 3827 1072 3882 l.
1089 3827 1109 3881 l.
1128 3843 1155 3894 p.

75 3918 122 4025 tl.
136 3894 1157 4044 3661131111,11163336116166636113

75 4055 84 4091 s
104 4037 180 4091 enim
197 4052 306 4090 somnus
326 4034 482 4089 altissimus.
516 4031 559 4086 Suc
578 4030 693 4086 Pbaedr.
711 4032 762 4096 III,
783 4035 822 4095 16,
836 4035 876 4085 30.
893 4046 1005 4084 storea
1021 4031 1156 4082 domocu-

75 4104 197 4167 manzo,
221 4103 324 4184 Sopita
345 4102 440 4173 prinae
555 4100 597 4153 nil
617 4116 711 4154 amano
738 4106 870 4167 οοοοοναο,
896 4098 1019 4165 Propert.
1036 4095 1063 4157 I,
1083 4098 1110 4159 3,
1131 4099 1155 4149 3.

75 4179 129 4226 ια
148 4172 278 4225 secutast
292 4171 385 4249 prisco
404 4167 458 4248 Cep
498 4167 523 4247 'a
542 4184 649 4230 somno,
672 4184 687 4221 n
722 4183 756 4221 ue
779 4166 859 4221 aliter
924 4165 988 4216 'mus
1004 4179 1089 4232 sopor
1112 4177 1155 4282 ag.

75 4239 152 4303 :IX,
173 4244 214 4293 96,
233 4240 262 4292 et
278 4255 375 4319 pnma
397 4252 476 4306 quse-s
499 4234 571 4289 mira
593 4251 617 4288 v.
638 4237 695 4289 723.
750 4237 833 4302 ,266
930 4235 1013 4294 ,461Ι
1033 4235 1060 4283 st
1078 4229 1156 4284 Ovr.

75 4307 139 4368 IIII,
150 4310 193 4359 33.
230 4305 328 4359 Prema
345 4304 420 4375 quise
431 4304 538 4382 oderat,
556 4320 612 4371 quo
623 4304 785 4371 carisfeasa
797 4301 907 4354 diurnis
916 4298 1037 4351 Pectora
1049 4313 1158 4349 somnae

104 4374 261 4442 (consentit
286 4389 392 4427 mecum
415 4370 474 4425 Heu
529 4370 634 4449 rnT'ra.
659 4386 739 4439 years
762 4384 787 4436 p.
810 4371 866 4422 132.
890 4370 918 4420 et
939 4365 1037 4444 Philol.
1061 4365 1109 4443 XI.
1128 4380 1154 4432 p.

82 4442 130 4512 qui
143 4442 256 4513 pn’ram
273 4458 353 4494 omno
377 4455 425 4509 pro
444 4439 486 4491 Ab
515 4439 572 4518 turo
588 4439 712 4491 instrum.
735 4435 1162 4555 hhhefecumudilwddiashoniihid

75 4553 96 4631 i.
115 4508 264 4646 qgeqmffiihiai
277 4506 663 4651 Xhihhhmwgiihiutyhhtrhidf
689 4520 751 4635 ,ddi
784 4518 895 4627 Rtieh
912 4518 1008 4627 soccho
1026 4568 1171 4643 proditas.

90 4648 231 4711 praeterea
246 4641 350 4693 confert
362 4638 471 4692 Harord.
489 4638 523 4704 X,
539 4644 562 4693 5,
598 4639 835 4714 morosumque
851 4660 929 4700 merce
946 4641 1024 4699 arole
1041 4640 1181 4716 prodidit

75 4732 143 4770 scra.
161 4731 236 4768 raas
251 4728 287 4768 rr.
305 4729 351 4767 sn.
371 4728 413 4767 ιν.
937 4718 970 4789 ’ὃ
