2850 4980
215 227 276 289 222
568 216 606 281 P.
627 213 813 281 VERGILI
832 215 1034 282 Mummius

214 390 315 454 Visus
335 382 452 448 adesse
473 380 552 446 mihi
574 379 749 469 largosque
769 381 933 448 effundere
953 382 1059 465 fletus,

214 473 264 536 Ra
288 478 376 532 tatus
401 464 497 549 bigis,
520 473 555 528 ut
576 464 747 550 quondam
770 473 904 551 aterque
926 476 1058 529 cruento

214 555 241 619 P
277 572 353 616 vere
370 570 496 647 perque
518 546 619 634 pedes
641 549 795 612 traiectus
816 547 887 611 lora
907 550 1070 613 tumentis.

213 637 280 701 Hei
300 633 390 713 mihi,
413 630 518 718 qualis
540 637 630 697 erat!
652 639 807 716 quantum
830 639 971 695 mutatus
994 631 1037 696 ab
1059 630 1117 695 illo

214 918 292 972 illum
308 931 424 981 versum,
443 931 523 984 quein
540 913 612 967 infra
629 930 654 966 v.
667 917 725 968 274.
744 914 891 983 aVergili'o
908 916 1074 969 translatum
1092 916 1239 983 videmus).
1258 946 1291 955 —
1306 933 1375 968 mae

213 984 381 1063 citissimas
406 984 542 1035 Hector.
567 981 650 1035 Thiel.
674 983 890 1062 444144444141,
912 983 997 1063 talem
1014 983 1217 1052 Superlativum
1239 984 1376 1064 nominibus

213 1050 553 1197 1414144441
568 1050 771 1196 attath.
787 1052 1255 1185 hermentaria,
1273 1052 1378 1189 1441

213 1189 331 1247 tudinis,
356 1186 561 1254 magnitudinis.
586 1215 619 1224 —
640 1181 703 1243 271.
732 1202 825 1238 casas
846 1187 974 1248 adesse,
1000 1186 1124 1245 adstare,
1148 1187 1187 1240 sic
1207 1188 1239 1239 ut
1255 1187 1376 1256 quondam

213 1254 433 1325 conspiciebatur,
454 1269 515 1306 cum
534 1253 659 1321 raptatus
683 1255 750 1307 erat.
790 1253 908 1307 Videri
928 1254 1040 1306 verbum
1058 1254 1197 1332 proprium
1220 1254 1256 1308 de
1280 1255 1377 1307 somniis

212 1328 240 1377 et
259 1322 345 1376 somni
363 1320 522 1383 simulacris,
541 1322 573 1372 41
591 1320 662 1388 apud
680 1320 796 1373 Graecos
815 1321 971 1386 1144474144
995 1337 1047 1388 quo
1066 1320 1153 1373 Thiel.
1175 1321 1291 1375 conferri
1314 1322 1378 1375 iubet

211 1391 324 1445 Valkeu.
344 1405 387 1457 ap.
407 1389 546 1455 Wyttenb.
566 1386 600 1439 44
617 1387 690 1441 Ρ141.
712 1387 744 1440 44
762 1387 788 1440 S.
806 1387 841 1439 N.
861 1387 893 1439 V.
933 1429 939 1440 .
959 1391 1000 1440 54.
1027 1390 1055 1441 41
1072 1388 1240 1441 Stallbaum.
1264 1390 1298 1441 ad
1315 1389 1376 1441 Pht.

211 1459 278 1512 Crit.
303 1462 345 1510 2..
381 1456 422 1508 Cf.
446 1454 594 1517 14144111,
620 1459 675 1510 150.
700 1455 737 1515 V,
764 1458 822 1506 637.
845 1454 894 1506 Τ11)
938 1500 943 1508 .
967 1456 1023 1518 ΙΠ,
1043 1459 1067 1517 4,
1088 1460 1129 1508 24.
1157 1455 1376 1513 04411411,

210 1530 270 1579 495.
296 1459 359 1584 Xi',
386 1523 502 1575 65314.
526 1523 558 1575 Α.
581 1523 613 1575 Α,
640 1523 683 1581 ll,
707 1525 766 1574 328.
785 1522 839 1575 Cic.
858 1522 919 1573 Div.
938 1523 965 1585 1,
989 1526 1035 1583 23,
1055 1527 1096 1575 46.
1116 1526 1159 1582 24,
1181 1527 1223 1576 29.
1244 1528 1285 1576 51.
1304 1523 1376 1577 4444.

210 1595 247 1659 11,
277 1596 319 1654 14,
347 1595 389 1643 47.
415 1592 483 1643 extr.
503 1593 567 1643 cett.
586 1622 619 1628 -
638 1589 689 1642 Rc
721 1596 811 1641 14144
834 1590 928 1655 bipia.
965 1590 1006 1642 Ct'.
1030 1590 1109 1642 Emiii
1131 1591 1377 1644 Andromachaei.

213 1664 251 1713 12.
271 1668 308 1727 (ρ.
332 1663 388 1710 105.
411 1657 501 1717 Vahl.)
534 1657 600 1709 Vidi
616 1687 627 1697 -
646 1685 658 1696 ·
709 1663 824 1709 actorem
847 1674 929 1709 curro
949 1659 1117 1725 qarulrii'uqo
1139 1660 1291 1727 rapwrier.
1309 1658 1377 1710 Com·

211 1726 429 1846 3411141
445 1725 571 1858 Philini
585 1725 735 1845 etthi
753 1723 1241 1846 1041114111..1111114114
1255 1728 1286 1847 il
1300 1727 1375 1846 ”tt

211 1877 271 1914 cnm
294 1861 380 1927 Heyn.
402 1864 431 1913 et
443 1810 551 1927 pWagn.
577 1859 759 1919 omiseramus,
789 1860 817 1912 in
841 1859 906 1913 edit.
926 1833 978 1913 1111
1004 1811 1064 1912 cudi
1083 1859 1180 1913 lahnio
1206 1861 1376 1918 restituimus.

211 1945 272 1982 cuin
295 1929 378 1980 verba
402 1935 432 1979 44
456 1930 594 1995 piendam
623 1944 675 1979 non
698 1928 782 1980 solum
807 1927 840 1979 44
862 1934 990 1996 raptatae
1010 1928 1092 1995 hipra.
1116 1928 1165 1980 sed
1189 1929 1274 1981 etiam
1291 1929 1324 1981 ad
1341 1945 1377 1980 sc·

209 1996 321 2116 &entia
338 2003 450 2064 aterque
467 1997 516 2048 etc.
537 1995 699 2072 pertineant.
714 1994 819 2114 &secuti
838 2000 902 2046 sunt
920 1995 1030 2063 Haupt,
1044 1994 1152 2047 Ladew.
1176 2000 1205 2048 ct
1225 1997 1376 2063 Conington.

243 2081 305 2133 agii.
333 2064 360 2116 in
384 2062 519 2116 recentiss.
544 2062 608 2115 edit.
637 2065 664 2114 et
688 2062 722 2113 Ri
741 2062 815 2114 beck.
841 2065 984 2131 utrumque
1002 2063 1112 2115 Ciimina
1140 2066 1169 2115 et
1191 2068 1257 2117 ante
1281 2067 1377 2132 etpost

209 2140 239 2182 41
260 2134 399 2200 quondam
427 2130 593 2188 omiserunt.)
628 2129 727 2181 Sensus
749 2129 832 2193 euim,
859 2145 937 2196 quem
961 2130 1110 2182 rectissime
1152 2132 1272 2198 erspeiit
1296 2131 1376 2197 Heury

210 2198 308 2262 iciam.
332 2199 407 2250 4144.
430 2195 501 2249 XXI.
525 2197 583 2248 Tre.
603 2214 684 2260 coare
700 2197 736 2249 ll.
755 2213 780 2263 p.
807 2200 839 2247 62
863 2213 921 2264 sqq.
944 2201 973 2249 et
997 2197 1094 2250 Philol.
1117 2146 1165 2250 id.
1190 2215 1220 2266 p.
1244 2201 1322 2263 6081,
1339 2198 1377 2250 liic

210 2270 264 2319 cst:
288 2267 388 2319 Hector
409 2263 554 2316 somnianti
575 2251 641 2315 mihi
664 2263 737 2315 visus
762 2264 856 2316 adesse
882 2263 974 2316 cadem
997 2265 1075 2383 411344
1105 2265 1234 2317 exhibens
1260 2273 1376 2334 acceptae

211 2335 337 2393 iniuriae,
363 2348 432 2401 quae
453 2331 568 2398 vigilans
590 2347 651 2383 eum
672 2330 843 2383 exhibentem
863 2331 983 2384 videram
1006 2347 1022 2384 a
1058 2333 1166 2384 'l'rciam
1193 2334 1290 2386 statim
1309 2339 1377 2411 post·

228 2418 289 2454 uam
307 2403 432 2469 raptatus
450 2403 509 2451 erat
529 2399 598 2465 bigis
616 2403 676 2461 etc,
695 2403 723 2450 ct
733 2399 896 2451 constructio
914 2399 965 2451 loci
977 2399 1015 2450 sic
1032 2399 1167 2466 procedit:
1186 2401 1376 2454 maestissimus

210 2418 316 2529 hector,
335 2470 460 2536 raptatus
477 2466 548 2533 bigis
566 2468 676 2534 aterque
695 2469 804 2518 cruento
822 2466 931 2535 pulvere
948 2483 1047 2534 perque
1066 2468 1149 2534 pedes
1175 2469 1307 2521 traiectus
1325 2469 1378 2522 lora

210 2539 358 2598 tumentes,
382 2537 413 2587 ut
434 2537 581 2603 quondam,
607 2533 680 2584 visus
703 2534 796 2586 444444
819 2533 884 2585 mihi
908 2533 1050 2602 largosque
1067 2534 1207 2588 effundere
1227 2536 1314 2589 fletus.
1348 2536 1376 2588 lii

209 2603 318 2655 somniis
343 2604 433 2654 autem
457 2602 556 2654 mortui
579 2600 667 2653 solent
689 2616 705 2653 a
743 2617 817 2654 arere
838 2600 929 2654 codem
950 2617 994 2653 cor
1013 2602 1065 2653 oris
1083 2601 1195 2665 habitu,
1226 2620 1278 2671 quo
1297 2608 1377 2657 erant.

210 2685 271 2721 cum
297 2670 489 2722 moriebantur.
525 2670 575 2732 (cf.
603 2667 679 2721 Ouid.
736 2672 770 2721 et.
799 2669 850 2731 xi,
879 2672 950 2728 653.)
989 2620 1088 2722 dodam
1114 2670 1187 2722 enim
1216 2674 1293 2724 statu
1318 2675 1377 2723 sunt

209 2738 289 2789 etiam
309 2737 380 2804 apud
397 2736 495 2789 inferos
513 2736 577 2800 (vid.
597 2735 663 2788 Aen.
683 2735 730 2797 Vl,
749 2739 828 2789 4341.
849 2735 963 2797 Peerlk.‚
982 2737 1101 2804 quisine
1120 2738 1195 2790 insta
1215 2754 1297 2791 causa
1313 2739 1376 2791 haue

209 2804 304 2856 suadet
327 2820 452 2856 versuum
475 2804 724 2883 transpositionem:
749 2806 807 2855 271.
830 2806 972 2856 274-278.
997 2807 1054 2857 272.
1078 2808 1138 2856 273.
1161 2808 1222 2857 279.
1246 2810 1310 2869 etc..
1333 2823 1376 2874 pro

208 2873 494 2951 549144144444441
515 2870 596 2923 scribi
618 2870 704 2922 voluit
727 2872 867 2938 quondam
889 2871 968 2937 41414.
989 2903 1022 2910 κ·
1046 2879 1144 2932 „ater
1162 2872 1226 2955 plus
1246 2890 1326 2941 quain
1340 2890 1377 2926 re·

207 2937 1126 3084 4411414111.14114414441114141
1141 2939 1376 3062 14111ιὲ1111

206 3075 278 3128 infra
306 3075 371 3137 xii,
394 3079 453 3127 450.
476 3074 522 3126 ubi
546 3081 636 3124 acriam
657 3090 765 3139 cymen,
792 3091 809 3126 i.
828 3089 851 3126 c.
875 3073 983 3141 pulvere
1002 3075 1149 3135 sordidum,
1169 3080 1198 3128 et
1223 3077 1327 3129 adnott.
1345 3076 1376 3128 sd

206 3144 271 3197 Geo.
295 3143 317 3205 Ι,
347 3146 404 3195 129.
423 3139 536 3200 -273,
567 3140 732 3193 traiectus
778 3158 812 3193 er
830 3143 933 3210 pedes
955 3142 1031 3195 lora
1051 3145 1374 3210 graecaeonstruetione.

206 3227 266 3330 pro:
285 3210 407 3263 traiectis
424 3226 472 3277 per
489 3208 569 3277 pedes
588 3206 661 3267 loris.
682 3225 703 3260 s.
724 3158 824 3261 habens
848 3208 905 3261 lora
923 3225 969 3277 per
992 3209 1071 3278 pedes
1089 3211 1216 3263 traiecta.
1251 3211 1375 3279 Particip.

230 3280 276 3330 eri.
295 3278 382 3342 Pass,
402 3294 449 3344 pro
467 3276 567 3332 Partici
587 3275 612 3327 io
630 3275 711 3327 Medii
733 3275 828 3329 Graec.
852 3277 980 3344 positum,
1003 3279 1097 3330 Aecus.
1122 3276 1231 3331 Obiecti
1255 3278 1376 3331 attrahit.

206 3345 249 3398 Sic
268 3361 292 3397 v.
314 3361 336 3397 c.
354 3346 414 3397 Tac.
434 3344 505 3396 Hist.
525 3292 588 3395 Vrii
619 3346 658 3394 74.
677 3361 756 3394 mam
774 3345 869 3412 positis
888 3362 968 3397 44444
984 3362 1048 3397 caca
1067 3346 1095 3396 ia
1114 3362 1253 3398 nmmorc
1273 3363 1374 3416 capria-

205 3430 265 3464 sam
284 3414 312 3464 et
330 3412 390 3465 Val.
409 3411 449 3464 Fl.
469 3412 491 3472 Ι,
511 3414 569 3463 398.
592 3410 745 3477 iic-sequaris
762 3429 842 3464 casua
912 3421 973 3463 1444
994 3429 1130 3481 expressa,
1153 3413 1284 3474 Plralcre.
1303 3432 1375 3466 anna

203 3481 285 3546 peras,
305 3479 322 3529 i.
342 3495 365 3531 e.
387 3495 525 3546 expressos
545 3478 572 3530 iii
591 3494 619 3530 se
637 3476 790 3542 habentem,
809 3478 845 3532 ha
865 3479 946 3532 entia.
982 3479 1072 3532 (lossr.
1095 3479 1153 3548 (qui
1170 3481 1260 3533 fusius
1279 3481 1312 3534 de
1330 3482 1375 3534 bac

205 3564 234 3599 re
256 3546 388 3614 disputati
412 3549 550 3613 comparat
573 3546 638 3597 Hor.
664 3548 720 3599 Sat.
748 3546 770 3606 Ι,
800 3549 824 3608 6,
849 3550 889 3599 74.
912 3548 997 3615 pareri
1017 3548 1096 3599 lusco
1120 3551 1250 3616 arapensi
1274 3550 1376 3601 loculos

205 3614 377 3681 tabulamque
398 3615 511 3665 4444414.
548 3613 589 3666 cf.
612 3614 695 3666 ctiam
718 3612 921 3680 Naegelsbach..
955 3614 1056 3666 (busci
1084 3630 1160 3666 meus
1183 3616 1300 3678 lionae,
1322 3616 1340 3668 1.
1357 3615 1373 3666 l.

205 3699 232 3750 p.
264 3685 320 3734 110.
343 3681 502 3750 omninoque
525 3680 630 3733 adnott.
657 3681 691 3733 ad
715 3680 771 3733 Ecl.
793 3680 820 3741 1,
844 3686 894 3743 54,
917 3681 963 3732 ubi
986 3683 1094 3748 praeter
1119 3680 1191 3734 huuc
1209 3682 1299 3736 locum
1316 3681 1374 3735 addi

205 3751 318 3818 possunt
336 3749 403 3802 Aen.
424 3749 460 3814 Η,
480 3753 538 3801 2111.
559 3752 615 3801 219.
635 3752 693 3801 221.
729 3749 768 3801 Ι)4
787 3748 847 3816 ipsa
864 3764 891 3801 rc
910 3749 944 3800 cf.
965 3747 1042 3800 Hom.
1062 3748 1095 3800 Il.
1116 3749 1276 3809 xxiiam
1294 3768 1368 3818 sq.-

205 3825 381 3884 trimentea;
405 3819 436 3868 ut
463 3820 547 3867 annm
568 3816 594 3868 in
616 3815 710 3869 fabulis
736 3814 887 3882 Oedipodis.
922 3816 1048 3867 Ceterum
1071 3816 1163 3883 llenry
1185 3816 1225 3882 ill.
1249 3817 1301 3877 lii,
1318 3821 1374 3870 arte

205 3886 308 3938 medica
326 3885 444 3942 edoctus.
464 3883 578 3936 mortuis
594 3900 646 3935 non
665 3886 768 3937 tumere
785 3883 866 3951 pedes
883 3883 939 3935 loro
957 3883 1083 3939 traiecto.
1102 3883 1237 3953 simulque
1255 3900 1373 3952 premens

203 3953 292 4006 locum
319 3951 399 4019 Soph.
422 3950 465 4004 Ai.
491 3954 564 4004 loeo.
583 3949 695 4019 ‘'Errco
722 3954 776 4020 pte
800 3980 811 3990 ·
834 3981 847 3990 -
866 3949 1013 4014 delirantes
1029 3957 1090 4015 βίον
1112 3953 1140 4002 41
1158 3951 1244 4019 ipsius
1267 3952 1306 4005 Vc

203 4021 268 4074 Aen.
287 4020 309 4082 I,
327 4024 385 4073 413.
406 4020 529 4071 Hectora
547 4049 559 4059 ·
572 4047 583 4057 -
599 4025 783 4097 reparaverat
801 4018 1023 4096 Ecurrimamqric
1039 4046 1050 4056 ·
1066 4046 1077 4057 ·
1099 4036 1202 4088 corpere
1225 4022 1320 4073 cende
1344 4027 1375 4071 at

203 4087 339 4153 Achilles,
365 4086 510 4139 admodum
532 4086 707 4153 probabiliter
730 4087 880 4145 contendit,
905 4085 1054 4152 Vergilium
1080 4084 1124 4138 hic
1146 4088 1373 4145 4111441483.

203 4157 321 4223 cogitare
348 4155 491 4207 Hectorem
518 4152 636 4206 nondum
658 4157 793 4206 mortuum
816 4154 850 4205 ab
873 4153 978 4205 Achille
1002 4153 1091 4205 currui
1113 4153 1261 4221 alligatum
1290 4155 1374 4208 etsie

202 4224 311 4276 demum
336 4221 468 4289 raptando
492 4223 534 4287 (ut
555 4221 639 4289 ipsius
662 4224 757 4288 poetae
788 4222 869 4273 verbe
898 4224 970 4285 utar)
1000 4237 1109 4289 prorsus
1138 4229 1280 4276 enecatum
1311 4239 1373 4276 esse.

201 4290 283 4343 Recte
301 4289 492 4342 adsentiuntur
509 4288 615 4342 Laden.
640 4294 668 4341 et
686 4289 780 4358 Wagn.
803 4289 830 4341 in
854 4287 917 4340 inin.
941 4288 1007 4340 edit.
1035 4318 1068 4325 -
1099 4285 1166 4346 274.
1199 4291 1285 4343 Locus
1302 4306 1374 4369 prae

202 4358 386 4410 stantissimus
406 4359 433 4409 et
470 4356 581 4409 ristinae
599 4358 799 4426 praesentisque
822 4356 946 4408 14414444
963 4357 1162 4424 comparatione
1186 4358 1374 4412 miserabiliter

201 4429 315 4492 tangens
329 4425 440 4477 animos.
451 4373 569 4477 hereum
582 4428 640 4476 274.
655 4424 733 4476 Ennii
750 4438 787 4492 (p.
802 4428 855 4477 125,
870 4423 1004 4476 Hessels.
1018 4440 1045 4543 12.
1059 4428 1082 4475 4.
1095 4424 1190 4490 Vahl.)
1201 4443 1260 4479 esse
1270 4426 1373 4479 Servius

199 4491 284 4546 docet.
293 4491 394 4544 Vahlen
405 4495 497 4544 autem
509 4492 591 4545 verba
601 4496 708 4545 tantuin
714 4493 754 4542 Ei
765 4492 832 4544 mibi
845 4492 937 4560 qualib
950 4499 1011 4543 emt
1038 4491 1044 4502 ‘

188 4562 332 4638 tamqnam
353 4559 455 4615 Annei.
483 4560 505 4616 l.
532 4560 568 4614 fr.
593 4563 619 4615 8.
648 4559 743 4613 satim
783 4562 827 4612 ost
854 4560 951 4627 hegin.
973 4574 1054 4628 supra
1076 4559 1113 4612 ad
1135 4576 1161 4612 r.
1182 4564 1242 4615 274.
1261 4560 1372 4616 allatum

170 4630 279 4691 posuit.
309 4660 344 4667 -
375 4629 448 4682 Hei
467 4631 569 4684 mihi!
593 4629 709 4699 Aliquot
733 4628 771 4681 Co
791 4627 821 4680 d.
845 4628 910 4692 heu,
929 4642 1012 4693 uuam
1025 4625 1174 4680 lectionem
1193 4630 1290 4698 Wagn.
1313 4645 1371 4698 pio·

1046 4491 1102 4543 unii
1115 4509 1175 4546 esse
1189 4501 1281 4547 censet
1294 4510 1373 4562 esque
