2872 4980
440 221 671 291 AENEIDOS
692 222 778 289 LIB.
799 222 857 290 III

60 387 154 475 Ergo
175 390 394 454 instauramus
415 388 578 476 Polydoro
598 389 695 455 funus
716 399 749 455 et
768 392 883 478 ingens

59 472 243 558 Aggeritur
262 471 384 538 tumulo
404 472 513 556 tellus3
536 482 623 537 stant
642 473 795 539 Manibus
817 497 895 540 arae

62 554 234 621 Cacnxleis
254 565 398 620 maestae
417 557 507 621 vittis
530 564 666 643 atraque
687 579 843 643 cupresso

61 854 89 907 in
107 853 203 908 eadem
223 853 406 909 enuntiatione
423 855 569 924 iungantur
587 853 652 921 (rid.
670 854 775 908 adnott.
793 853 828 908 ad
845 854 901 911 Ecl.
919 855 965 920 VI,
984 859 1026 910 85.
1043 855 1108 910 hen.
1126 855 1158 919 V,
1178 859 1235 911 773,

60 921 109 1003 Il,
130 925 195 986 84),
214 923 282 975 satis
299 925 401 976 notum.
436 921 478 977 (ll.
496 923 549 977 Cic.
567 921 604 976 Le
624 940 651 991 g.
669 922 765 1003 1,,22,
789 925 830 975 56.
851 940 956 1043 rma
964 992 969 1004 1
974 923 1088 993 placere
1109 925 1236 978 minor

59 1007 148 1138 aa
161 988 554 1138 aethelhere:
701 1067 1225 1139 a,

61 1125 234 1194 meditarique
252 1125 356 1179 honore
378 1128 502 1179 meones
570 1133 636 1177 atam
653 1125 798 1196 appellare
823 1129 851 1178 et
874 1141 941 1195 quae
965 1129 1029 1180 sunt
1051 1127 1157 1180 smilis.
1193 1100 1234 1181 CI.

59 1192 197 1247 Drakenb.
224 1192 259 1246 ad
275 1192 345 1247 Livii
363 1193 380 1247 l.
399 1192 416 1246 l.
436 1195 465 1246 et
486 1192 521 1247 ad
537 1192 621 1255 VIII,
639 1196 686 1258 34,
706 1198 729 1248 9.
758 1192 878 1247 Oudend.
898 1194 933 1246 od
950 1193 1069 1248 Frontin.
1089 1195 1131 1257 ss,
1150 1200 1174 1257 5,
1193 1198 1234 1248 46.

61 1259 154 1315 Bromi
171 1259 206 1313 ad
226 1261 281 1314 eie.
301 1261 379 1314 llinn.
398 1261 434 1325 11,
453 1264 481 1324 7,
502 1263 545 1314 21.
572 1260 683 1315 Gorenz.
706 1261 740 1314 ad
758 1260 810 1314 Cic.
830 1259 913 1329 Legg.
931 1261 958 1325 l,
977 1264 1006 1314 21
1041 1265 1081 1316 56.
1104 1261 1235 1316 Matthiae

61 1327 96 1382 ad
115 1328 171 1382 Cic.
210 1345 230 1381 r.
252 1328 341 1398 ligor.
360 1334 387 1394 5,
408 1332 446 1382 14.
470 1327 589 1382 Ochsner
614 1327 648 1381 ad
666 1328 720 1381 Ecl.
739 1328 823 1382 Cicer.
842 1345 867 1397 p.
888 1332 937 1382 219
955 1344 993 1396 sq.
1014 1302 1097 1382 liritz.
1118 1329 1152 1382 ad
1169 1328 1234 1383 Sall.

59 1394 119 1449 1.l.
145 1345 231 1449 loiri
253 1395 288 1449 ad
312 1396 368 1450 Liv.
394 1396 471 1457 m,
490 1398 532 1459 38,
550 1400 640 1482 6'.‘”
668 1397 736 1449 Cum
755 1394 891 1465 polluto
910 1398 970 1449 hoa
996 1397 1061 1449 itio
1084 1396 1235 1517 Couippton

61 1462 1007 1610 ttlffitttlttt,⁰hht,hhltttlhmattelh
1020 1467 1135 1596 tt,
1154 1482 1236 1586 ,tte

64 1614 127 1650 sime
156 1598 236 1652 docet
257 1597 359 1667 Heyn.,
379 1599 541 1668 eandemque
558 1598 612 1667 hyp
688 1614 735 1661 en,
753 1598 788 1651 ad
807 1614 888 1667 quam
903 1614 1010 1668 prrores
1027 1599 1144 1653 editores
1163 1599 1234 1654 haud

61 1666 152 1734 psum
171 1667 199 1719 in
216 1666 282 1719 locis
302 1669 401 1720 temere
418 1667 604 1735 confugerunt,
623 1683 648 1719 m
680 1666 715 1718 tis
733 1665 822 1719 verbis
838 1667 988 1721 Insectatur
1004 1667 1130 1722 Thielius.
1147 1667 1234 1721 Immo

63 1734 152 1795 deaei,
172 1734 290 1786 navim
306 1741 398 1787 centos
415 1736 484 1788 dare
502 1734 570 1787 nihil
586 1733 660 1787 aliud
679 1737 732 1798 est,
755 1750 836 1802 quam
860 1734 920 1789 vela
946 1736 1034 1788 ventis
1058 1735 1176 1805 pandere
1193 1735 1235 1789 vel

64 1800 120 1854 vela
137 1800 282 1870 pandendo
300 1801 413 1864 efficere,
430 1804 463 1855 ut
481 1806 577 1855 ventus
595 1801 629 1855 ad
648 1817 743 1855 navem
760 1801 895 1855 admissus
921 1818 980 1856 eam
998 1819 1151 1872 promovere
1193 1820 1234 1856 os-

65 1869 106 1922 rit
141 1868 212 1922 Cum
230 1872 321 1922 antem
340 1869 375 1922 ab
392 1869 503 1925 arbitrio
520 1873 665 1923 nautarum
681 1869 810 1938 pendeat,
828 1872 920 1923 utrum
938 1869 997 1924 vela
1015 1871 1103 1925 ventis
1118 1820 1235 1940 pandere

65 1936 160 1999 velint,
184 1937 253 1990 satis
276 1937 412 1990 commode
433 1936 532 1991 dicitur
548 1945 640 1991 ventos
658 1937 727 1991 dare
743 1938 824 2001 calm,
841 1939 965 1991 moena.
992 1938 1087 1992 Paullo
1107 1938 1234 1992 subtilius

67 2003 173 2073 Wagn:
194 2003 313 2068 „dantur
329 2005 442 2057 naribus
459 2005 545 2069 venti,
564 2005 641 2073 quasi
659 2005 746 2058 vocati
763 2008 791 2058 ct
827 2005 952 2068 ostulati3
976 2005 1009 2059 ci.
1033 2007 1085 2071 IV,
1104 2010 1234 2059 417.⁴‘--

66 2068 99 2131 62
122 2089 183 2142 sqq.
209 2071 299 2151 Iocus·
317 2072 448 2141 imprimis
470 2073 663 2136 memorabilis,
688 2073 711 2125 si
733 2072 766 2126 de
783 2023 940 2127 inleriarum
962 2072 1017 2127 ritu
1035 2074 1180 2154 queantur.
1201 2103 1234 2111 —

67 2139 103 2193 lle
141 2183 148 2194 .
176 2139 260 2193 verba
286 2147 511 2218 restauramus
532 2143 643 2210 sanor
671 2143 742 2194 recte
769 2140 886 2261 {ihm
911 2157 972 2211 per:
1000 2142 1114 2195 facimus
1142 2141 1233 2203 funus,

68 2222 93 2259 oo
134 2207 792 2271 1v‚63.,ub1nd.amoti.;1ninusrectehh·
818 2248 833 2270 .,
852 2208 895 2263 cui
912 2209 993 2263 etiam
1004 2209 1109 2263 Laden.
1127 2209 1235 2264 videtur

67 2273 204 2328 adsentiri:
225 2275 357 2338 „tacimus
373 2273 468 2338 denuo,
485 2275 583 2329 iterum
603 2275 692 2340 sunus,
711 2275 782 2345 quod
809 2277 833 2330 ei
851 2294 904 2330 non
925 2277 1027 2331 iustum
1050 2278 1233 2346 contignare

5 2384 7 2402 ,
67 2357 123 2395 mm
141 2343 194 2397 etsi
212 2359 237 2395 r.
250 2347 291 2397 41.
309 2342 442 2412 sepultam
459 2360 487 2397 se
505 2343 609 2397 dixerat
625 2344 684 2412 ipse
696 2343 854 2412 Polydorus,
873 2344 942 2397 illud
960 2348 1051 2399 tamen
1065 2362 1117 2398 non
1128 2362 1177 2415 pro
1196 2345 1235 2398 rie

69 2409 268 2479 Intelligendum
290 2427 357 2473 esse,
387 2411 442 2464 iam
466 2429 479 2465 s
517 2427 548 2465 ra
568 2411 697 2474 vidimus,
717 2414 804 2476 funcra
825 2416 917 2466 nutem
940 2412 1018 2481 plura
1035 2363 1233 2482 complectiiur,

70 2494 141 2557 quam
164 2477 250 2531 solnm
277 2478 450 2547 sepulturam.
524 2495 557 2532 ne
579 2479 649 2532 enim
671 2479 766 2548 Wagn.
792 2480 922 2542 adnotat,
964 2496 1014 2534 uae
1036 2483 1184 2549 sequantur
1209 2488 1235 2534 at

70 2563 155 2615 operia
171 2546 322 2613 Adpcra'tur
339 2547 411 2610 cett,
430 2546 471 2599 sin
490 2546 551 2601 clas
569 2563 627 2600 esse
644 2550 749 2625 partes,
770 2563 836 2616 quas
859 2546 928 2599 illud
939 2497 1031 2615 daem
1048 2548 1234 2602 instauramur

71 2615 201 2683 tamquam
219 2616 309 2666 totum
326 2563 526 2682 complectadnr,
544 2631 629 2684 neque
647 2632 674 2667 ιιι
689 2615 792 2684 Copula
808 2614 901 2668 addita
917 2614 1081 2668 haerendum
1100 2616 1148 2678 ait,
1162 2631 1232 2669 ccm-

70 2697 159 2749 parsns
175 2681 204 2734 h.
222 2680 242 2734 l.
260 2697 321 2734 cum
339 2683 404 2736 hen.
423 2681 469 2745 IV,
480 2685 538 2735 239.
557 2686 585 2736 et
602 2681 650 2745 VI,
667 2686 716 2736 495
729 2699 768 2751 sq.
789 2682 842 2749 (Of.
860 2683 967 2735 omnino
985 2698 1052 2752 quae
1070 2682 1103 2738 dc
1116 2682 1233 2753 Copulae

10 2838 11 2843 ι
70 2747 1234 2886 repleuerat,elthecemmelittaena

72 2886 95 2936 rt
111 2884 226 2938 mortuis
242 2883 361 2937 nondum
378 2884 490 2953 sepultis
505 2888 553 2938 ant
571 2884 662 2938 funere
680 2885 782 2938 ornatis
801 2885 873 2937 iusta
889 2888 1078 2954 personarent,
1098 2884 1233 2939 Schirach.

70 2967 90 3019 p.
110 2956 168 3006 485.
192 2951 278 3006 docet,
302 2982 334 2990 —
360 2951 404 3013 63.
431 2953 618 3020 Adperitar
639 2954 766 3006 tumulo
789 2956 834 3018 (zu
858 2953 977 3005 dernH'
1004 2952 1039 3017 el)
1062 2953 1177 3018 tellus,
1203 2955 1235 3006 ut

11 3093 12 3096 Ἴ
70 3018 142 3073 altior
164 3019 215 3073 tint
236 3023 264 3073 et
281 3035 342 3073 vcro
359 3019 463 3074 tumulo
481 3020 608 3083 similior;
636 3036 700 3073 nam
721 3021 852 3074 nmmum
874 3020 927 3073 iam
945 2959 1009 3074 adde
1026 3020 1121 3083 fuisse,
1141 3035 1234 3089 quam·

70 3103 142 3156 quam
169 3090 270 3141 temere
292 3086 448 3156 adgestum,
468 3105 499 3141 ex
521 3104 547 3141 r.
571 3092 612 3141 22.
635 3088 766 3141 novimus.
801 3087 845 3141 Sic
870 3088 952 3141 etiam
969 3087 1062 3156 Bryce,
1080 3087 1232 3155 Conington

5 3203 6 3208 ,
69 3160 92 3207 et
107 3155 205 3224 Wagn.
227 3155 256 3207 in
273 3155 410 3209 recentise.
428 3154 491 3210 edit.
514 3156 573 3223 („in
590 3155 727 3209 tumulum
748 3173 771 3209 r.
791 3159 833 3208 22.
855 3156 1125 3217 commemoratum“)
1145 3154 1234 3207 locum

5 3210 9 3291 l
68 3239 166 3276 mecum
182 3214 351 3291 intelligunt:
386 3221 464 3276 Nunc
481 3225 585 3286 tamen,
615 3240 675 3276 oum
693 3223 879 3286 intellexerim,
898 3222 987 3276 minus
1010 3222 1148 3292 probabile
1166 3238 1233 3284 esse,

5 3293 7 3328 l
67 3291 200 3344 tumulum
210 3289 288 3344 illum
301 3287 432 3343 horrendo
441 3298 561 3344 monstro
575 3291 712 3359 signatum
723 3292 758 3344 ab
771 3292 861 3345 Aenea
872 3289 998 3359 Polydori
1011 3290 1134 3344 sollemni
1146 3289 1233 3370 sepul-

67 3360 140 3412 turae
153 3356 308 3411 adhibitum
317 3374 384 3420 esse,
397 3357 520 3427 proclivis
532 3375 592 3411 sum
606 3358 641 3410 od
653 3358 868 3427 amplectendam
881 3357 1087 3426 explicationem
1099 3374 1116 3411 a
1126 3357 1232 3412 Schina-

67 3425 120 3479 ehio
129 3425 182 3493 ll,
192 3425 236 3479 Ka
255 3424 444 3494 pesioIlI.p.6.
456 3429 484 3479 et
494 3425 645 3494 Ladewigio
678 3427 823 3495 ropositam
833 3446 840 3479 :
852 3426 991 3494 aggeritur
1000 3429 1074 3480 terra
1082 3456 1116 3464 —
1129 3425 1234 3480 tumulo

76 3515 107 3547 ru
120 3494 207 3547 einem
263 3492 399 3562 ubhhpel),
412 3496 444 3546 ut
459 3493 491 3547 de
507 3510 574 3548 noro
586 3442 690 3546 tumulo
703 3493 877 3562 cogitandum
887 3494 931 3546 sit.
945 3502 1080 3547 *etant
1093 3494 1135 3547 M.
1148 3511 1235 3547 arae

90 3578 148 3631 eyn.
156 3561 353 3630 interpretatur
363 3576 410 3630 per
420 3576 595 3631 consequens:
608 3564 766 3615 statuuntur
778 3577 839 3615 arae
852 3561 915 3628 (rid.
930 3561 964 3614 ad
974 3561 1039 3615 Aen.
1053 3562 1181 3682 Ihm?
1194 3577 1234 3614 re-

64 3631 132 3683 ctius
145 3631 237 3682 autem
249 3628 343 3696 Wagn.
356 3628 438 3682 verba
454 3636 527 3682 stant
538 3629 670 3682 Manibus
687 3657 699 3668 ·
712 3659 747 3669 --
765 3630 871 3683 aelatae
891 3633 1053 3699 παρένθετα
1071 3646 1129 3683 esse
1165 3631 1231 3683 ocet.

63 3696 137 3752 Idem
158 3697 247 3765 Heyn.
270 3696 304 3749 de
325 3712 381 3750 una
402 3695 479 3749 modo
497 3713 545 3750 ara
562 3697 676 3765 eogitat3
703 3701 732 3750 et
754 3712 817 3750 sane
839 3714 871 3751 so
890 3713 921 3751 ra
943 3696 984 3760 Π,
1003 3700 1061 3750 202.
1090 3697 1147 3763 (ubi
1177 3696 1231 3750 rid.

5 3788 11 3799 ·
62 3756 180 3830 abunt.)
202 3766 247 3818 ad
267 3781 333 3817 crae
353 3780 370 3817 a
389 3767 446 3817 erte
465 3781 513 3833 pro
533 3767 573 3817 ad
593 3781 672 3816 arom
697 3763 824 3844 positum.
878 3765 910 3818 ed
933 3766 1094 3819 tumetium
1113 3764 1185 3817 inlra
1207 3780 1231 3816 v.
1291 3830 1293 3834 y

63 3835 117 3887 itt.
154 3832 339 3885 Andromache
356 3780 616 3911 doctorisllanibus
633 3847 754 3899 perrenae
769 3849 837 3886 arae
853 3835 983 3894 exstruat,
1002 3849 1050 3886 nec
1069 3832 1158 3885 minus
1177 3830 1233 3886 hcl.

62 3900 99 3963 V,
126 3903 167 3953 56.
193 3898 330 3953 Μοιιιιιοιιι
351 3898 487 3968 Daphmdr
508 3899 575 3953 duas
599 3915 660 3953 aras
686 3902 793 3961 voveat,
818 3902 898 3979 atquc
925 3901 1007 3954 etism
1034 3899 1106 3952 inira
1128 3900 1166 3965 V,
1192 3900 1232 3951 48.

62 3968 93 4022 de
116 3968 178 4021 aria
197 3966 330 4021 Anchisae
351 3966 494 4021 exstructis
511 3984 597 4021 sermo
626 3967 674 4029 sit,
696 3966 797 4022 habent
824 3970 919 4031 etiam,
945 3984 997 4087 appo
1024 3967 1159 4028 nitantur,
1187 3965 1233 4033 qui

63 4035 130 4090 duas
149 4052 210 4090 aras
227 4034 262 4089 ab
279 4035 369 4088 Aenea
386 4034 508 4088 conditas
525 4035 767 4102 essearbitrantur,
787 4039 819 4089 ut
832 4036 936 4103 Wagn,
972 4033 1053 4087 adew.
1073 4037 1101 4087 et
1117 4031 1233 4100 Coning-

59 4107 115 4158 ton.
134 4103 178 4157 Of.
198 4104 282 4157 etlam
299 4101 406 4156 Lersch.
424 4102 488 4156 Ant.
506 4102 580 4171 Virg.
597 4108 622 4168 ξ.
640 4107 679 4157 59.
719 4146 724 4157 .
747 4106 803 4156 161.
818 4135 852 4142 -
869 4103 917 4162 64.
934 4119 1014 4155 arae
1030 4108 1182 4162 maeatae,
1203 4101 1235 4152 ut

61 4172 92 4243 ll,
111 4174 167 4240 48,
184 4171 202 4224 i
221 4187 244 4225 e.
262 4170 426 4224 moestitiam
443 4169 620 4233 declarantes,
636 4174 670 4223 ut
728 4212 734 4234 ,
754 4174 794 4224 35.
813 4170 851 4222 Er
866 4177 995 4223 maestum
1012 4169 1118 4221 Iliades
1134 4167 1233 4220 crim

59 4241 95 4293 de
112 4257 190 4293 sarcre
205 4239 320 4293 sonam.
355 4237 511 4359 Reppexisse
531 4237 603 4291 hunc
625 4237 715 4316 locum
734 4238 841 4316 videtur
862 4239 955 4291 auctm
980 4236 1051 4305 Epit.
1073 4233 1151 4287 iliad
1166 4236 1232 4316 ¹895.

65 4315 68 4319 '
153 4309 160 4322 ‘
243 4312 362 4359 macstoc
424 4307 488 4359 otho
515 4306 574 4359 Lac
721 4305 842 4375 capillo.
869 4337 902 4344 -
931 4303 1106 4357 Caeruleus
1137 4308 1235 4354 vrttes

57 4383 67 4437 l
89 4376 94 4389 '
119 4416 126 4428 .
146 4373 181 4429 ad
199 4373 255 4428 hel.
275 4373 358 4436 vm,
381 4375 433 4441 64.)
451 4373 469 4427 i.
488 4391 509 4428 e.
529 4373 623 4442 nigris,
654 4373 738 4433 oscis,
759 4371 855 4424 moesti
875 4371 983 4433 coloris,
1008 4375 1039 4422 ut
1059 4367 1137 4423 Ovid.
1157 4369 1233 4422 hart.

56 4441 106 4505 W,
127 4446 187 4496 4⁴6.
206 4440 329 4496 caenae
343 4441 407 4510 equa·
423 4441 562 4505 Plutonia,
585 4442 654 4496 Stat.
677 4438 761 4493 Theb.
783 4439 824 4500 ll,
853 4442 912 4491 528.
935 4438 1031 4490 ambra
1048 4454 1134 4499 caer„
1156 4436 1204 4490 Ele
1227 4479 1233 4490 .

56 4509 92 4566 ar
111 4511 172 4565 Iris.
190 4513 231 4564 93.
249 4527 324 4564 mora
340 4526 421 4574 eaor,
441 4509 512 4563 Ciris
533 4526 555 4562 a.
574 4512 631 4563 214.
650 4507 792 4561 caeruleae
808 4504 920 4558 andrae
952 4506 980 4557 et
996 4504 1081 4573 ipsius
1098 4503 1165 4558 Aen.
1184 4454 1232 4572 Vl,

56 4584 118 4635 no.
144 4578 253 4660 poppa
275 4577 404 4631 amalec
426 4575 580 4632 uano.
615 4575 658 4630 cr.
675 4576 768 4631 surm.
790 4573 824 4628 ae
842 4572 901 4627 vn.
920 4545 1007 4626 liae.
1025 4572 1080 4634 111,
1097 4576 1156 4626 roo.
1192 4573 1232 4627 ne

58 4647 187 4703 anunm
211 4648 305 4701 autem
330 4645 374 4700 hio
392 4648 527 4716 *usurpato
550 4644 604 4698 rid.
620 4643 725 4698 adnott
749 4643 784 4698 ad
809 4644 875 4697 heu.
894 4641 941 4706 IV,
961 4645 1018 4695 517.
1037 4674 1065 4681 —
1088 4649 1167 4695 atra
1183 4659 1234 4698 ca·
