2872 4980
200 233 261 296 310
553 227 589 289 Ρ.
614 222 802 288 venerer
823 206 1024 287 11636163

282 392 387 457 Terra
408 391 521 478 procul
542 392 645 456 vastis
669 389 785 455 colitur
806 384 969 454 Mavortia
992 390 1129 476 eampis,

199 476 345 541 Thraces
369 483 473 557 arant,
496 477 565 540 ueri
609 474 751 540 nondam
771 483 910 557 regnata
931 474 1097 559 Lycurgo,

152 568 158 582 '
198 560 389 646 Hospitium
409 560 576 645 antiquum
586 492 720 624 ql'roiae
738 559 882 643 sociique
903 557 1053 638 Penates,
1349 571 1376 619 15

198 808 259 864 Vid.
287 823 369 877 supra
391 806 432 871 Π,
456 809 514 860 706.
539 839 572 846 -
598 814 774 875 pontoque.
804 805 848 860 Sie
867 806 971 873 septem
988 803 1074 859 codd.
1092 804 1166 874 apud
1185 804 1296 868 Burm,
1315 821 1378 874 quos

199 894 260 933 eum
285 876 380 930 Vossio
402 892 429 943 p,
455 877 513 928 206.
535 875 564 927 et
585 874 679 928 lebnio
701 875 810 927 seentus
834 889 907 937 sum,
932 890 993 927 eum
1014 872 1057 927 hie
1075 889 1170 927 versus
1192 873 1308 926 Enniani
1326 889 1378 926 ser·

199 944 285 999 monis
304 944 418 998 eolorem
435 941 533 996 habere
546 941 670 995 videatur
690 940 752 1008 (vid.
771 940 852 1007 infru)
872 943 900 994 et
914 941 1030 996 sublime
1042 939 1146 1010 aliquid
1165 944 1196 994 et
1209 941 1379 1009 magnifieum

199 1015 285 1067 sonet.
321 1010 382 1065 Vid.
401 1009 505 1064 ndnott.
524 1010 559 1063 ad
576 1010 633 1063 Eel.
653 1009 687 1075 V,
706 1012 746 1062 22.
770 1008 861 1063 Soeuti
882 1011 947 1062 sunt
968 1008 1094 1063 Ribbeck.
1120 1011 1149 1062 et
1171 1007 1296 1071 nudes„
1318 1008 1379 1063 dnm

199 1079 295 1149 reliqui
314 1079 475 1132 recentiores
495 1077 611 1131 editores
629 1076 703 1144 vulg.
721 1084 771 1130 not
857 1080 979 1139 sonunt,
1005 1077 1076 1146 quod
1098 1092 1163 1130 sune
1182 1075 1282 1144 optimi
1301 1076 1378 1130 Codd

197 1148 284 1214 Med,
310 1145 343 1199 fr.
371 1145 450 1207 Vae,
473 1145 548 1208 Pul,
572 1144 663 1208 Gud,
687 1143 735 1198 ulii
765 1161 779 1198 e
817 1145 899 1198 'bent
927 1176 958 1182 —
986 1145 1170 1197 Penatibus
1198 1153 1229 1197 et
1253 1145 1377 1211 maenis

197 1206 266 1269 die*
295 1213 393 1267 Fusius
415 1213 448 1267 de
469 1210 512 1265 his
535 1213 623 1266 verbis
646 1211 769 1280 disputat
788 1212 873 1280 Heyn,
898 1212 927 1265 in
945 1213 1006 1266 Eue.
1025 1213 1071 1265 IX.
1089 1211 1125 1265 ad
1144 1212 1162 1265 l.
1182 1211 1235 1278 11„
1253 1228 1287 1265 ex
1304 1213 1375 1266 ouius

198 1281 363 1337 Macrobium
382 1280 438 1334 Sat.
457 1281 508 1341 III,
527 1283 550 1333 4.
569 1279 706 1348 sequentis
728 1280 864 1334 sententia
886 1285 977 1349 (quum
999 1280 1082 1333 etium
1104 1279 1203 1347 Wagn.
1229 1282 1258 1332 et
1275 1279 1377 1333 Laden.

198 1347 1002 1485 ξξρὲξῖξ16ἓ11ξξξ1ξξξξὲ111111ξὲ3311.ξὲ
1015 1347 1172 1484 ittet
1193 1347 1381 1484 133333

199 1485 246 1540 ubi
269 1455 429 1553 simpliciter
447 1484 542 1552 mepni
563 1455 681 1535 Penirtes
703 1484 904 1537 commemorari
925 1484 1063 1552 poterunt,
1090 1485 1123 1535 ut
1144 1483 1199 1545 IX,
1225 1486 1300 1543 258,
1324 1487 1380 1550 post

198 1552 289 1607 socios
308 1554 399 1605 antem
415 1558 586 1619 pnaurmqne
602 1551 655 1604 iam
695 1550 879 1604 arsllelismns
897 1567 1005 1630 posuere
1027 1550 1146 1618 videtur,
1171 1555 1204 1604 ut
1221 1550 1341 1604 Parata
1356 1559 1382 1603 et

200 1620 269 1687 (alii)
298 1619 393 1684 moprri
419 1619 464 1671 ‹tr-'i
486 1634 679 1672 commemoren
715 1636 744 1679 r,
768 1617 834 1671 mihi
856 1621 924 1672 satrs
944 1619 1038 1672 mirum
1058 1617 1142 1671 videri
1161 1618 1260 1671 fateor.
1297 1618 1380 1683 Quare

199 1687 287 1756 magis
305 1686 419 1739 ineIInor
435 1687 462 1738 in
480 1686 594 1740 alterum
611 1686 689 1739 illam
707 1687 879 1747 sententium,
907 1685 1058 1755 Vergilium
1077 1686 1111 1739 de
1129 1685 1193 1740 aliis
1211 1702 1320 1755 quoque
1336 1686 1383 1740 diis

199 1757 306 1822 praeter
331 1753 462 1816 Penutes,
489 1757 561 1807 oerte
583 1752 615 1807 de
638 1755 736 1815 Vesta,
758 1755 872 1823 cogitari
893 1753 1016 1807 voluisse.
1051 1754 1120 1807 Cum
1143 1753 1218 1806 enim
1243 1770 1327 1822 supru
1345 1753 1379 1817 II,

199 1826 258 1876 236.
289 1820 401 1885 Hector,
430 1820 534 1875 Aeneae
563 1838 610 1890 per
632 1837 755 1875 somnum
779 1837 925 1891 apparens,
952 1823 1035 1874 660166
1061 1821 1224 1890 Vestamque
1246 1828 1379 1890 potonem

199 1897 389 1958 eeternrnnqne
407 1889 496 1956 ipnem
513 1906 527 1940 e
541 1890 731 1958 penetralibus
747 1891 852 1959 efferat,
871 1905 926 1959 qna
942 1889 1052 1943 tundem
1069 1889 1125 1942 aliu
1141 1889 1176 1943 de
1195 1904 1281 1943 ennea
1293 1888 1381 1943 efferre

199 1958 254 2011 ista
273 1957 411 2026 putandus
428 1960 478 2019 est,
498 1973 579 2025 quam
596 1972 664 2037 quae
681 1956 795 2019 Aeneae,
813 1957 856 2011 eui
880 1973 905 2010 v.
929 1959 988 2010 233.
1014 1956 1131 2010 dixerat:
1162 1956 1277 2010 Sacra
1297 1975 1382 2010 6666-

224 2043 263 2079 ne
280 2025 331 2077 abt
346 2027 517 2078 emnmnrdot
533 2024 623 2077 Trono
640 2025 789 2088 Penates,
804 2023 974 2078 servandaet
986 2040 1076 2078 seeum
1088 2023 1123 2077 de
1159 2024 1262 2079 rtunds
1274 2023 1383 2078 tradat?

200 2043 252 2146 gui
268 2092 420 2146 sententiae
438 2092 520 2146 etiam
538 2107 568 2144 er
586 2091 651 2144 loeis
669 2091 703 2154 V,
716 2095 764 2144 774
782 2109 822 2161 sq.
835 2092 920 2153 otIX,
934 2094 1002 2153 258,
1020 2092 1067 2145 ubi
1085 2094 1114 2145 et
1169 2109 1214 2145 res
1234 2094 1266 2146 et
1273 2093 1385 2146 Penates

201 2176 262 2214 eum
291 2160 370 2212 Veste
396 2160 606 2239 coniunguntur,
629 2175 682 2212 nou
708 2159 849 2213 minimum
870 2159 974 2213 66661111
992 2159 1208 2229 ριο66611116116;
1235 2176 1316 2229 porro
1332 2160 1384 2214 lere

201 2243 307 2297 semper
326 2226 402 2280 iuxta
424 2243 485 2281 eum
508 2227 655 2280 Penatibus
684 2228 767 2281 etiam
788 2227 949 2281 6611666666
972 2227 1116 2280 uMurone
1139 2231 1384 2282 commemorentur

202 2295 248 2362 (61.
268 2298 376 2364 praeter
392 2294 411 2348 1.
431 2295 450 2348 l.
469 2295 551 2348 etiam
569 2295 609 2354 II,
632 2296 690 2348 320.
714 2297 742 2348 et
765 2298 834 2360 717.)
863 2298 945 2364 atque
966 2295 1049 2348 etium
1072 2295 1153 2356 VIII,
1178 2298 1239 2350 679.
1271 2296 1383 2349 Penates

113 2366 117 2374 '
202 2363 343 2429 amnonis
365 2365 412 2415 dis
435 2362 541 2416 ditione
561 2361 695 2416 videntur.
730 2362 803 2427 Quae
827 2379 888 2416 enm
913 2364 953 2416 its
980 2363 1049 2425 sint,
1075 2378 1130 2415 nou
1147 2363 1240 2427 video,
1261 2380 1314 2433 quo
1330 2364 1384 2416 iure

203 2431 299 2485 eontra
323 2430 495 2484 menifestum
522 2429 602 2483 huius
631 2429 682 2483 1661
714 2431 905 2484 auctoritatem
931 2430 1015 2498 Heyn.
1045 2429 1205 2495 contendat,
1238 2431 1383 2499 Vergilium

203 2498 283 2552 ulitur
308 2498 385 2567 sequi
408 2498 591 2551 narrationem
614 2499 696 2566 atque
725 2500 827 2551 eeteros
851 2498 995 2567 scriptores
1021 2497 1170 2564 Romanos,
1197 2499 1247 2567 qui
1270 2499 1383 2552 Aeneum

203 2566 286 2621 etium
307 2565 419 2620 Vestem
446 2568 473 2619 et
498 2580 604 2618 suerum
630 2565 720 2633 ignem
746 2565 826 2618 'Itoia
849 2566 994 2619 abstulisse
1022 2565 1104 2619 eertis
1129 2567 1221 2619 verbis
1248 2566 1384 2634 perhibent

203 2633 268 2755 fflid.
288 2633 365 2689 ovid.
385 2633 460 2687 Fast.
481 2633 532 2698 III,
552 2635 602 2684 423
621 2648 680 2701 sqq.
700 2633 759 2686 6611.
780 2649 842 2686 oum
858 2633 906 2698 VI,
924 2636 981 2687 434.
1000 2632 1186 2702 imprimisque
1197 2634 1318 2688 bluerob.
1330 2634 1383 2687 Set

246 2742 252 2764 ,
276 2703 325 2767 4.);
349 2715 512 2770 quemquam
535 2699 714 2753 certissimum
736 2701 787 2753 hae
813 2700 846 2754 de
869 2717 897 2754 re
920 2701 1084 2755 sententiam
1112 2701 1183 2755 ferre
1207 2719 1264 2755 non
1290 2702 1381 2755 ausim

204 2767 308 2822 Peerlk.
327 2768 410 2823 verbu
429 2787 490 2821 cem
507 2768 615 2835 maenis
633 2767 679 2820 dis
696 2768 825 2836 explieat:
846 2784 926 2834 „enm
942 2769 1000 2821 deis
1012 2768 1078 2822 bene
1091 2768 1257 2830 volentibus,
1269 2769 1382 2831 deorum,

236 2852 288 2898 ero,
309 2852 456 2904 quoruma
528 2835 542 2847 ''
576 2835 692 2903 ugImnr,
710 2835 837 2898 auxilio,“
856 2836 916 2889 6611.
935 2836 1021 2889 Ennio
1045 2836 1117 2904 apud
1149 2837 1203 2890 Cic.
1229 2837 1283 2891 off.
1303 2838 1330 2901 l,
1350 2840 1383 2890 12.

224 2905 295 2956 neite
313 2934 325 2945 -
341 2933 352 2944 -
372 2851 608 2957 nolentiffifflaon
629 2903 735 2982 mapnre
756 2903 810 2969 die,
830 2902 936 2972 [Annul
957 2903 1005 2957 VI.
1029 2903 1063 2956 fr.
1085 2907 1123 2957 13.
1148 2921 1176 2973 p.
1195 2909 1238 2959 33.
1267 2904 1384 2966 Vahlen,

204 2969 1187 3106 ξξξὲιξξξ6116111.ξίἓξξιὲξ1ἒὲ.ξιξξξξξξξ6.ξξ6ξξξ11111161(1
1211 2972 1240 3026 ¹¹·
1258 2973 1384 3106 bimi

204 3106 295 3161 Plaut.
319 3106 377 3160 Mil.
404 3106 455 3169 IV,
480 3109 509 3174 8,
531 3110 572 3159 41.
595 3107 632 3159 ite
651 3124 710 3158 eum
728 3106 786 3159 diis
803 3109 867 3159 bene
884 3106 1035 3160 uolentibus
1054 3109 1083 3160 et
1102 3107 1186 3160 simili
1205 3124 1240 3161 us
1262 3108 1335 3163 lueis.
1353 3140 1382 3147 -

205 3173 247 3236 13.
270 3174 379 3227 Terra
396 3174 576 3227 Mavortia
598 3175 641 3226 est
663 3173 789 3237 Thracia,
814 3188 894 3243 quum
920 3174 1004 3227 Marti
1020 3173 1112 3228 sedern
1135 3175 1190 3229 iarn
1213 3176 1250 3230 ab
1273 3176 1382 3230 Homero

205 3241 245 3311 [II.
266 3241 343 3302 XIII,
362 3245 421 3295 301.
439 3241 489 3297 Od.
508 3241 583 3303 VIII,
604 3240 780 3360 btllEtribui
798 3240 875 3295 dooet
897 3240 993 3309 Heyn,
1022 3242 1069 3311 qui
1092 3242 1160 3296 haee
1181 3244 1268 3298 verbo
1288 3245 1384 3302 (Tem

240 3311 303 3363 onel
321 3339 358 3350 --
375 3311 468 3372 amnt)
487 3309 602 3362 fortasse
620 3325 650 3362 ex
690 3309 759 3376 urip.
777 3309 878 3362 Heeub.
901 3325 955 3361 vss.
979 3312 1001 3363 8.
1020 3315 1045 3363 3.
1068 3310 1200 3378 prodiisse
1223 3315 1314 3378 putat.
1348 3311 1382 3363 be

204 3444 233 3498 11
246 3375 723 3509 ttdttaettntdtttt
743 3376 1382 3500 ten·tt⁸⁸trt⁰ttttefi⁸rttblttt

208 3483 336 3565 66166666
356 3488 420 3565 6611.
458 3512 498 3566 Cf.
522 3484 996 3581 661660616111661111662866
1019 3511 1053 3566 de
1070 3514 1162 3567 Aenea
1184 3513 1252 3568 baec
1276 3529 1382 3568 eruens:

208 3579 311 3632 Fertur
337 3581 373 3632 66
393 3579 557 3647 Antandro,
581 3580 768 3648 sceleratoque
790 3579 888 3633 limine
913 3581 1052 3633 Thracum
1069 3608 1081 3620 ·
1101 3609 1113 3621 ·
1131 3582 1172 3634 Li
1217 3583 1251 3636 ot
1270 3584 1335 3636 oett
1354 3609 1382 3619 —

207 3645 249 3705 14.
275 3646 369 3726 ¹Verbu
392 3648 538 3701 Threces
560 3655 660 3700 arant
681 3664 729 3716 per
751 3646 924 3714 parenthesin
946 3649 1114 3713 inseruntur,
1139 3652 1172 3702 ut
1215 3691 1223 3712 ,
1246 3653 1284 3705 12.
1309 3649 1383 3703 verbs

210 3715 289 3783 Tprn
311 3722 419 3768 tentrere
441 3716 543 3769 coloni.
567 3745 601 3754 —
623 3717 700 3768 aeri
722 3718 829 3781 (soevo,
850 3714 962 3776 erudeli)
984 3718 1154 3784 qnondam
1170 3733 1206 3769 re
1232 3725 1313 3771 nuta
1329 3717 1382 3776 Lo·

205 3799 330 3903 331
350 3781 383 3902 t
401 3783 688 3904 3173333
704 3781 1002 3914 θ33331321
1017 3783 1166 3905 333
1189 3735 1230 3905 ti·
1251 3771 1377 3906 ei

119 3937 127 3960 ι
210 3888 267 3970 61.
285 3867 410 3998 canalii
432 3868 668 3997 subueniri.
693 3889 720 4037 l·
742 3891 787 3971 iss
805 3867 862 3986 riq.
885 3867 1015 3973 neuile.
1039 3891 1172 3987 1616,ιῖ
1192 3897 1264 3974 rie.
1277 3869 1382 3989 {iniri

208 3985 926 4132 reremaneretutilibet
945 3986 1020 4109 116
1029 3986 1381 4134 1633631633

262 4125 346 4175 udam
366 4129 481 4190 repnata
503 4127 624 4191 parente.
647 4119 683 4174 ld.
704 4122 770 4174 net.
795 4120 875 4184 VIII,
899 4125 958 4176 623.
979 4122 1060 4188 XIII,
1083 4125 1140 4176 720.
1164 4123 1249 4178 Silius
1266 4123 1341 4187 XIV,
1358 4125 1378 4173 I·

206 4139 278 4241 iiii.
302 4189 337 4242 H.
356 4189 391 4243 N.
409 4188 462 4250 VI,
483 4192 528 4253 20,
547 4191 587 4241 23.
613 4188 664 4242 616.
702 4186 816 4241 OmnIno
838 4191 929 4243 nutem
947 4193 1040 4260 poetae
1065 4206 1081 4243 a
1102 4189 1193 4244 serbis
1210 4190 1379 4246 intrmsitir’u

209 4254 328 4334 forment
344 4256 480 4311 Interdum
492 4255 640 4326 Partioipiu
657 4255 765 4325 passiva
782 4258 810 4309 et
822 4255 910 4310 formu
926 4261 954 4311 et
966 4257 1169 4378 siguifieetione.
1206 4258 1252 4312 Sic
1268 4258 1379 4313 6161666

208 4323 281 4377 mfra
302 4323 353 4387 IV,
376 4326 434 4380 603.
457 4325 514 4387 (ubi
536 4322 591 4377 rid.
613 4323 744 4388 adnottb,
763 4323 918 4377 andoletus
936 4324 985 4379 Ovi
1006 4370 1011 4379 .
1031 4325 1105 4379 Fast.
1125 4326 1171 4388 IV,
1197 4330 1264 4390 186,
1282 4335 1379 4380 orrum

210 4390 283 4445 intra
301 4407 325 4444 ι.
344 4395 402 4446 600.
421 4392 497 4448 evin.
517 4392 591 4446 Fast.
610 4391 657 4455 IV,
678 4394 747 4457 573,
762 4391 802 4443 tri
865 4393 944 4446 butu
960 4391 1031 4446 infra
1048 4393 1096 4455 VI,
1115 4396 1173 4447 837.
1194 4394 1259 4448 Geo.
1279 4393 1328 4458 ΠΙ,
1345 4397 1378 4447 33,

212 4459 278 4512 Hor.
302 4457 350 4513 Od.
373 4458 428 4523 III,
451 4465 483 4524 4,
504 4464 561 4524 43,
587 4458 816 4514 6166666066.
863 4463 899 4514 et.
920 4460 997 4526 XIV,
1015 4463 1074 4513 337,
1096 4461 1173 4516 Fust.
1192 4461 1240 4521 IV,
1259 4466 1318 4515 573.
1334 4464 1379 4515 ete.

209 4559 219 4566 -
235 4558 242 4564 -
262 4524 305 4586 15.
325 4525 519 4606 Hospitium
535 4528 704 4596 antiquum
724 4530 756 4593 (s.
768 4526 897 4594 micum,
909 4530 941 4589 ut
952 4528 1051 4606 Hunpt.
1065 4530 1094 4582 et
1106 4528 1234 4583 Ribbeck
1247 4530 1377 4590 suribuutl,

212 4593 279 4647 Erat
296 4592 380 4673 igitur
396 4598 468 4649 mter
487 4595 615 4650 Troianos
633 4597 661 4649 et
678 4593 794 4649 Thraces
811 4593 866 4648 ium
887 4594 1084 4664 antiquioribus
1107 4597 1275 4666 temporibus
1299 4596 1380 4666 hospi

206 4661 275 4715 tium
302 4661 441 4730 runetum;
469 4662 539 4718 unde
561 4679 606 4725 eu,
631 4677 698 4732 quae
719 4661 754 4716 ad
771 4679 797 4716 v.
816 4665 857 4716 45.
882 4662 914 4716 de
932 4661 1033 4718 PrIumi
1050 4666 1080 4717 et
1096 4663 1318 4733 Polymnestoris,
1339 4664 1380 4734 qui
