2850 4980
418 245 670 313 susumus
691 247 775 316 LIB.
798 249 825 317 Ι.
892 234 894 238 ’

56 409 156 476 Certa
178 411 287 499 sequi,
310 433 396 499 quae
419 417 460 479 sit
481 415 579 481 rebus
601 415 741 493 fortuna,
762 416 893 483 videtis.

55 493 245 560 Excessere
266 517 380 562 omues
403 498 511 584 adytis
535 500 666 585 arsique
687 499 810 565 relictis

57 575 111 657 Di,
132 578 258 662 quibus
279 580 454 664 imperium
475 588 535 648 boc
557 592 706 666 steterat;
728 583 915 649 succurritis
937 583 1012 650 urbi

58 659 235 728 Iueeusae:
257 664 437 731 moriamur
458 675 490 731 et
510 667 545 732 iu
564 667 671 731 media
691 689 783 733 arma
804 689 944 733 ruamus.

59 876 123 930 edit
150 878 217 932 min.
240 880 287 933 hir
308 896 370 934 curn
392 881 542 936 Weiclrerto
559 882 674 952 explicat
696 883 730 937 ad
747 883 810 948 hos,
838 881 910 951 qood
938 882 1109 952 reprehendit
1129 885 1235 942 Wilms.

59 944 154 1013 Progr-
176 945 253 1001 laud.
298 990 304 1002 .
324 951 348 1003 8.
368 948 434 1002 mihi
451 949 619 1012 adsentiens,
637 951 669 1004 ut
686 951 769 1004 etiam
785 949 1037 1004 Ilaeclrermannum
1054 953 1081 1005 iu
1099 953 1235 1008 Zeitactr.

63 1013 113 1066 ete.
131 1012 209 1067 XIX.
229 1030 255 1082 p.
275 965 332 1070 itt.
356 1033 460 1070 mecum
487 1017 637 1072 consentire
668 1018 753 1071 video.
790 1018 918 1073 Ceterum
948 1018 981 1071 de
1005 1019 1054 1073 illa
1080 1020 1236 1075 Particulae

60 1098 146 1142 crepes·
164 1082 191 1134 vi
213 1085 242 1135 et
258 1085 394 1152 potestate
412 1101 493 1153 supra
511 1084 546 1139 ad
567 1102 591 1139 v.
616 1089 656 1138 ll.
684 1085 795 1139 dictum.
825 1115 859 1123 -
889 1084 982 1150 „Quae
1009 1089 1166 1155 sequuntur,
1197 1088 1236 1141 sie

61 1147 185 1201 ordiuare
201 1148 291 1205 iurat:
321 1151 476 1218 Oiuveues‚
495 1152 598 1206 frustra
612 1152 704 1217 sortes,
723 1154 750 1205 ei
764 1153 841 1206 vebat
859 1152 962 1271 casido
983 1161 1058 1207 certa
1083 1162 1123 1208 est
1149 1155 1235 1224 sequi,

61 1216 205 1280 mendi,
228 1222 373 1272 audentem
393 1228 522 1284 estserae,
545 1219 573 1272 h.
592 1235 615 1276 e.
634 1220 765 1289 aliquem,
788 1220 835 1289 qui
858 1235 977 1274 exrema
998 1221 1094 1274 mortis
1116 1222 1236 1289 pericula

62 1283 135 1336 adire
153 1283 281 1351 decremt,
300 1285 444 1356 sequimini
460 1304 517 1352 me;
542 1288 670 1353 agedum!
694 1288 848 1352 moriamur,
874 1302 936 1340 nam
954 1285 1061 1354 videtis,
1080 1289 1143 1342 deos
1162 1291 1236 1342 tute-

61 1350 132 1404 lares
150 1367 182 1404 ac
198 1353 338 1420 praesides
356 1353 449 1408 'lhoiae
474 1372 522 1408 uos
538 1355 619 1424 plane
636 1354 784 1410 deseruisse
802 1355 962 1423 urbemque,
989 1354 1032 1409 cui
1050 1371 1108 1409 sero
1126 1371 1236 1410 succur-

63 1419 132 1475 ritis.
161 1418 218 1472 iam
241 1423 350 1491 captam
376 1425 405 1475 et
424 1423 560 1478 iucensam
584 1439 650 1477 esse.
685 1422 760 1476 Nihil
775 1422 860 1492 igitur
877 1423 1008 1491 superest,
1027 1439 1108 1491 quam
1124 1421 1236 1478 honeste

63 1486 140 1539 meri.
174 1487 325 1543 IIcrIamur
346 1489 418 1543 eto.“
433 1491 507 1544 Haec
525 1491 580 1545 sere
600 1491 704 1560 Repe..
724 1507 803 1559 quem
821 1491 970 1559 sequuntur
986 1489 1083 1545 Wund.
1103 1492 1130 1544 et
1148 1489 1235 1553 Iahu.,

63 1553 146 1607 verba
175 1573 247 1623 ques
269 1558 306 1609 sit
325 1584 336 1596 ·
355 1587 367 1598 ·
383 1558 514 1612 Incensus
544 1558 571 1612 iu
600 1558 755 1627 parenthesi
779 1558 869 1626 posita
898 1556 1062 1611 exhibentes.
1098 1557 1150 1612 Sed
1179 1559 1236 1611 tam

61 1621 143 1689 bugu
157 1623 330 1691 parenthesis
347 1624 375 1677 in
394 1625 451 1678 tarn
469 1625 602 1679 concitate
622 1626 742 1679 oratione
760 1625 826 1679 mihi
844 1641 896 1679 non
920 1624 1008 1692 magis
1027 1624 1129 1693 placet,
1155 1641 1236 1694 quam

60 1685 204 1754 warnero,
232 1708 314 1760 quem
336 1693 410 1746 recte
448 1695 495 1747 uto
522 1693 650 1760 apoduein
674 1709 690 1746 a
712 1692 803 1747 verbis
821 1709 892 1762 quae
909 1691 947 1745 sit
962 1709 988 1744 v.
1008 1695 1066 1747 350.
1086 1692 1235 1757 inchoasse,

62 1760 92 1809 ut
107 1755 175 1810 haec
193 1759 316 1827 prodiret
332 1711 479 1814 seuteuiia:
510 1761 553 1828 „si
577 1761 731 1814 decrevistis
753 1776 797 1813 me
823 1760 910 1829 sequI,
940 1758 1039 1813 videtis
1066 1760 1156 1814 omnia
1178 1776 1236 1814 esse

61 1824 183 1892 perdita:
216 1842 292 1896 ergo,
313 1826 384 1896 quod
400 1844 484 1881 unum
502 1828 581 1882 victis
599 1830 734 1898 superest,
759 1828 932 1882 moriamur.“
960 1826 1063 1880 Peerlk.
1085 1827 1235 1896 Vergssium

62 1892 99 1945 ric
122 1893 249 1961 corrigit:
279 1894 404 1962 Incipio:
427 1913 496 1965 quaec
520 1896 558 1949 eit
582 1897 662 1949 reduto
684 1898 802 1962 fortuna
823 1895 934 1949 videtis:
963 1894 1111 1948 Esceaaere
1135 1912 1235 1962 omnes,

61 1960 154 2028 adytis
170 1962 285 2031 arasque
301 1963 419 2025 relictis,
437 1962 493 2031 Di,
511 1963 609 2032 quibus
626 1963 771 2033 imperium
791 1964 843 2016 hoc
858 1969 976 2025 steterat,
995 1962 1156 2015 mmeritis
1173 1963 1238 2016 aaut

62 2027 195 2081 Incensos
216 2046 293 2090 sero,
314 2048 330 2084 e
356 2029 476 2096 iuuenca,
501 2031 657 2095 fortissimo
673 2033 783 2095 fenestra
801 2029 935 2083 Pectora!
955 2029 982 2080 si
997 2028 1076 2082 vobis
1093 2030 1236 2082 medentem

61 2103 182 2147 mana
201 2099 304 2166 cupido
329 2095 411 2151 Certa
426 2099 512 2167 sequi,
530 2098 691 2162 moriamur,
714 2107 740 2151 et
761 2098 790 2150 in
807 2098 900 2150 media
918 2113 997 2149 omna
1015 2112 1136 2150 aesomnes.
1176 2096 1236 2149 Uno

60 2161 139 2215 ulus
160 2163 244 2217 υἰοιίι
270 2165 377 2218 naellam
397 2183 509 2236 sperare
530 2167 652 2220 salutem.
677 2166 718 2233 (I)
754 2197 782 2205 -
810 2164 1009 2229 fortissima
1029 2165 1164 2230 frustra
1210 2180 1236 2216 e·

60 2238 172 2291 ctera,
199 2232 244 2301 qui
266 2232 370 2287 frustm
387 2233 527 2287 fertissimi
545 2234 622 2298 estis,
644 2249 754 2300 quorum
773 2233 903 2286 tortitudo
920 2246 974 2284 uon
991 2230 1107 2300 amplius
1145 2181 1237 2285 reticet

62 2297 176 2352 ciuitati
213 2298 257 2352 Cf.
285 2300 357 2354 iutra
379 2301 419 2364 V,
441 2304 500 2356 380.
524 2300 600 2355 Ouid.
626 2301 693 2355 Met.
716 2299 795 2361 VIII,
822 2303 878 2354 140.
906 2300 935 2352 et
959 2298 1060 2352 Lucan.
1084 2247 1150 2364 VII,
1178 2301 1236 2353 736.

60 2367 203 2446 (pc-itera
219 2368 329 2431 frum
356 2369 485 2436 opmiual.
520 2368 679 2423 Simillimus
703 2370 746 2422 est
775 2370 867 2421 nostro
893 2367 968 2420 locus
1003 2366 1040 2433 V,
1068 2369 1127 2421 729.
1153 2366 1237 2419 lectos

61 2449 181 2492 um.
203 2435 366 2502 fortuma
389 2438 483 2491 cordo.
508 2468 541 2477 -
565 2445 703 2498 pectora
728 2451 788 2488 cum
810 2434 924 2489 caritate
948 2432 1065 2501 quadam
1113 2448 1143 2486 ro
1169 2433 1236 2503 ipsis

61 2500 218 2554 homiuibus
235 2502 362 2569 positum.
398 2502 439 2557 cf.
467 2502 544 2559 Ouid.
561 2503 626 2558 Met.
643 2503 695 2566 ΠΙ,
715 2506 756 2557 58.
774 2503 821 2564 ΙΧ,
840 2504 899 2556 248.
916 2500 949 2561 X,
969 2503 1009 2555 71.
1028 2450 1112 2554 Trisi
1127 2499 1174 2566 IV,
1196 2504 1235 2564 10,

60 2572 102 2623 02.
122 2598 157 2607 -
174 2567 242 2629 349.
259 2571 292 2622 ai
306 2569 401 2623 vohis
418 2601 427 2610 ·
445 2603 456 2612 -
474 2589 511 2624 cu
541 2571 612 2635 ido,
635 2571 733 2625 omisso
750 2570 831 2623 uerbo
850 2576 896 2637 eet,
914 2569 946 2622 ut
963 2567 1009 2630 VI,
1030 2571 1096 2633 133,
1115 2568 1162 2621 ubi
1181 2567 1235 2621 vid.

61 2635 170 2689 aduott.
199 2640 227 2690 et
244 2637 341 2704 Wagu.
358 2636 409 2702 Qu.
427 2637 501 2706 Virg.
576 2643 628 2702 ,9.
648 2667 680 2677 -
702 2639 825 2701 cupido
845 2667 856 2678 ·
878 2666 890 2677 ·
912 2652 945 2689 aa
971 2634 1015 2689 ui.
1050 2634 1111 2688 Vid.
1131 2635 1235 2689 adnott.

63 2703 96 2757 ad
116 2703 185 2756 heu.
203 2704 227 2767 I,
246 2708 309 2758 'lot—
322 2706 351 2758 et
367 2721 449 2774 supra
466 2705 501 2760 ad
523 2722 548 2758 v.
570 2709 609 2760 10.
644 2705 720 2760 Unus
738 2704 844 2759 Laden.
867 2704 924 2773 (qui
942 2653 1024 2757 eiiam
1042 2702 1076 2756 cf.
1096 2702 1125 2755 in
1141 2701 1235 2769 Progr.

61 2771 201 2825 lleostreI.
219 2789 244 2825 a.
266 2775 338 2827 185³.
357 2789 385 2841 p.
403 2774 456 2839 22.)
473 2789 521 2843 pro
538 2774 715 2828 audentem
733 2789 764 2826 er
781 2771 853 2826 Med.
874 2771 927 2837 (cui
944 2769 1014 2825 adde
1025 2768 1094 2824 (lud.
1114 2773 1143 2823 et
1156 2768 1258 2849 Rern,

64 2838 100 2900 1..
126 2841 276 2908 utrumque
306 2856 383 2895 am.
405 2856 459 2910 pr.,
487 2840 603 2895 tortasse
628 2841 710 2894 etiam
730 2840 805 2902 Pal,
830 2839 858 2892 in
880 2855 932 2907 quo
953 2838 1108 2916 arides.)
1125 2838 1237 2916 ¹receprt

62 2906 207 2960 lectionem
227 2908 351 2960 mendi
366 2909 393 2962 et
411 2908 550 2962 (lemmate
566 2909 630 2977 post
648 2906 737 2976 Certa,
758 2907 887 2962 Semicolo
903 2904 1056 2976 postsequi
1067 2904 1236 2971 dsnuguens

61 2974 134 3027 hunc
156 2974 237 3027 lulin.
261 2974 362 3028 Graeco
386 2992 459 3029 more
481 2991 529 3043 pro
552 2975 715 3044 ImperatIvo
740 2975 858 3045 positum
881 2974 985 3035 censet,
1011 2971 1122 3024 eandem
1141 2986 1175 3024 ue
1194 2986 1237 3023 ra·

62 3042 164 3095 tionem
189 3042 271 3095 etlam
297 3042 338 3097 Ka
356 3059 411 3107 pes.
434 3043 528 3110 Progr.
553 3043 590 3097 II.
620 3060 647 3112 p.
675 3047 707 3097 22
728 3060 769 3112 sq.
792 3041 933 3096 defendere
956 3038 1063 3100 studet;
1092 2987 1140 3090 sei
1167 3037 1236 3117 rid-e,

80 3125 133 3162 nae
162 3109 261 3177 Wagu.
293 3109 321 3163 iu
366 3110 439 3164 hilol.
469 3110 560 3180 Suppl.
590 3109 612 3164 I.
632 3127 660 3178 p.
680 3113 730 3165 376
753 3127 794 3179 sq.
824 3108 1002 3176 (adsentiente
1032 3104 1234 3184 Haecherm.1u

89 3177 202 3231 decbr.
231 3176 303 3231 XIX.
331 3194 357 3246 p.
388 3179 456 3241 105.)
485 3177 606 3247 opponit,
630 3178 702 3232 hunc
722 3195 802 3231 usum
824 3176 955 3231 lufiuitIvi
977 3173 1105 3226 Romanus
1121 3187 1231 3239 prorsus

62 3245 223 3298 abiudIeans
241 3243 286 3305 (de
304 3260 356 3313 quo
373 3245 427 3298 vid.
444 3245 548 3299 aduett.
567 3244 602 3298 ad
619 3246 684 3302 heu.
701 3245 753 3308 III,
771 3246 841 3308 405.)
860 3246 958 3298 etcum
975 3241 1032 3294 loco
1050 3241 1142 3292 nostro
1162 3255 1233 3292 com-

96 3329 163 3433 ...3
182 3312 819 3434 &niueaeheluus-..lutus
841 3307 1239 3432 pregustasset

64 3451 136 3507 est,“
159 3422 243 3515 idque
265 3449 371 3515 praeter
393 3421 493 3501 miltes
511 3447 594 3504 (lodd.
622 3395 704 3511 (ineir
726 3396 970 3516 quostrcsgBeru.
989 3442 1067 3497 Ribb.
1090 3391 1168 3496 vcia
1184 3460 1236 3523 pr„

63 3514 105 3568 vel
125 3531 144 3568 a
167 3531 222 3569 sec.
241 3518 290 3574 ιιι.)
308 3514 390 3568 etiam
414 3514 510 3569 Isidor.
533 3514 607 3583 Orig.
630 3514 658 3582 1,
682 3518 728 3575 36,
752 3519 793 3569 20.
816 3514 932 3567 exhibet.
956 3543 986 3550 -
1009 3508 1072 3572 349.
1114 3527 1177 3563 uae
1191 3517 1239 3563 est

62 3585 164 3636 rebus
184 3586 353 3652 fortuna,
378 3582 519 3637 uidetis:
550 3583 640 3636 emole
660 3582 781 3651 perdita,
809 3580 877 3634 nihil
904 3581 958 3634 lam
989 3527 1152 3647 sperandum
1180 3593 1237 3657 esse

63 3650 175 3712 ridetis3
195 3650 293 3719 qulbus
315 3649 405 3703 uerbis
422 3649 550 3719 apodosin
567 3650 685 3719 priorum
708 3649 886 3704 efficientibus
912 3646 1076 3715 respondent
1098 3647 1239 3714 sequeutia

62 3719 217 3770 menbrum
234 3719 284 3771 ete.
301 3716 421 3787 ideoque,
441 3734 525 3771 unum
543 3715 614 3785 qued
631 3717 710 3770 victis
728 3719 858 3786 superest,
879 3718 950 3769 certe
963 3713 1071 3767 fortiter
1085 3714 1238 3781 pugnantes

64 3784 175 3839 honeste
191 3785 348 3838 moriamur.
379 3813 410 3822 -
445 3785 494 3846 „V.
513 3783 576 3846 351.
593 3801 625 3838 er
642 3784 741 3838 veteris
763 3784 899 3849 religionis
917 3782 1088 3863 persuasione
1107 3781 1238 3860 ipterpre·

64 3853 176 3913 taudns,
208 3868 263 3921 qua
283 3853 365 3906 urbes
390 3855 484 3920 captae
512 3852 555 3906 vel
584 3868 615 3905 ca
634 3852 727 3906 laudae
752 3867 769 3905 a
792 3852 844 3906 diis
871 3851 932 3915 [sibu
960 3850 1026 3902 isus
1053 3850 1238 3915 captrvrtatem

64 3920 234 3990 h'meutubus]
253 3919 339 3973 deseri
356 3918 542 3974 credebantur.
577 3868 638 3999 Vid.
656 3918 758 3973 Mureti
775 3920 839 3973 Ver.
858 3919 932 3972 Leot.
951 3867 987 3980 qi:

67 3992 219 4056 argutatur,
238 3991 267 4041 et
284 3986 372 4041 Cerda
394 3986 473 4042 adh.
491 3987 510 4041 l.
528 3987 664 4055 Euripidis
680 3987 769 4040 locum
787 4003 801 4040 e
819 3986 915 4040 Troad.
934 3986 975 4038 23.
995 3984 1095 4052 [λείπω
1116 3982 1147 4060 sd
1165 3982 1238 4031 κλει-

65 4055 113 4109 viv
123 4054 220 4109 Ἴλιον
237 4053 349 4123 βώμους
371 4053 397 4106 δ’
416 4053 511 4118 ἐμούς]
534 4054 589 4109 iarn
610 4054 728 4109 Macrob.
753 4056 786 4109 V.
816 4069 874 4122 cap.
898 4052 964 4107 extr.
988 4050 1175 4126 comparavit
1196 4045 1238 4099 cl.

65 4122 210 4193 Ihyphiod.
239 4138 266 4176 v.
294 4124 353 4175 406.
385 4125 444 4175 407.
480 4122 549 4175 Hiuc
578 4121 698 4176 evocatio
727 4122 845 4184 deorum,
873 4120 906 4174 de
935 4134 988 4187 qua
1009 4117 1035 4169 h.
1059 4116 1078 4169 l.
1103 4114 1238 4168 Seruus.⁴‘

67 4188 152 4260 Πομ.
173 4189 251 4244 sdes
271 4189 367 4242 hesch.
386 4188 413 4243 S.
433 4206 455 4243 c.
473 4189 523 4242 Th.
542 4193 600 4243 310.
620 4189 698 4259 [280]
722 4188 882 4255 ιθοιιίιιιιι.
906 4185 989 4246 laud..
1006 4182 1124 4237 Macrob.
1143 4181 1194 4244 III,
1213 4184 1239 4236 a.

65 4256 181 4328 luterpp.
205 4257 240 4312 ad
263 4256 322 4311 Silii
340 4257 382 4320 II,
403 4259 459 4312 305.
476 4255 624 4311 Mitscherl.
648 4259 674 4311 et
693 4256 775 4311 Orell.
797 4256 832 4309 ad
851 4252 916 4308 Hor.
935 4252 984 4306 Od.
1002 4250 1038 4312 II,
1061 4253 1071 4301 l
1102 4251 1143 4302 25.
1180 4247 1238 4299 Ec-

66 4328 155 4379 eadere
177 4329 273 4380 autem
294 4325 406 4378 verbum
432 4327 474 4378 est
494 4325 631 4394 proprium
653 4324 687 4379 de
708 4324 760 4377 hac
782 4339 818 4377 re.
854 4321 909 4401 Cf..
924 4319 1005 4373 Silius
1026 4290 1107 4377 vid,
1132 4318 1190 4370 442.
1211 4315 1240 4369 et

67 4391 122 4447 Ire.
141 4394 218 4447 Hist.
236 4393 271 4455 V,
292 4395 331 4446 13.
352 4421 384 4431 -
405 4391 446 4446 De
464 4394 579 4462 adytis
601 4392 654 4447 rid.
674 4408 755 4460 supra
771 4408 797 4443 v.
816 4393 883 4449 297..
901 4386 972 4440 unfra
988 4401 1015 4438 ι.
1032 4388 1092 4438 404.
1110 4386 1168 4437 764.
1186 4383 1237 4444 III,

67 4462 101 4514 92.
120 4461 154 4522 V,
173 4465 218 4516 84.
236 4461 299 4514 cett.
332 4490 365 4499 -
393 4456 458 4520 352.
508 4460 617 4519 uibus.
636 4476 685 4529 per
702 4475 776 4527 quos,
795 4472 907 4526 quorum
924 4452 1020 4534 tutela.
1039 4480 1072 4492 -
1090 4457 1238 4505 steterat.

67 4525 123 4581 uc.
142 4546 175 4583 su
196 4544 228 4583 ra
246 4527 280 4582 ad
300 4544 324 4580 v.
347 4529 403 4581 163.
422 4527 490 4581 adue
521 4571 526 4581 .
548 4558 582 4567 -
604 4525 669 4587 353.
697 4525 880 4578 moriamur
901 4529 931 4575 et
949 4538 983 4573 ιη
999 4539 1034 4574 m.
1051 4537 1078 4574 a.
1096 4536 1241 4581 ruamus,

68 4596 143 4661 perh
208 4613 258 4651 reo
275 4597 401 4664 proteron
418 4595 487 4648 satis
500 4611 585 4663 grave
608 4596 636 4649 et
659 4609 814 4659 nervosum,
843 4590 877 4649 de
907 4607 961 4664 quo
989 4588 1049 4647 uid.
1077 4589 1189 4646 aduott.
1216 4586 1258 4643 oh

69 4661 126 4717 les.
142 4664 194 4727 m,
212 4666 267 4715 662.
287 4661 449 4713 Monetam
462 4665 492 4714 et
510 4664 738 4721 memorantem
761 4681 814 4736 pro
833 4666 950 4723 mentes
970 4662 1019 4722 uel
1035 4661 1145 4722 ruendo
1161 4672 1269 4718 morra·

1014 3920 1062 3978 19..
1082 3915 1128 3984 qui
1146 3917 1238 3968 tamen
