2850 4980
451 110 681 177 AENEIDOS
703 110 787 175 LIB.
808 109 850 176 Π.

64 277 213 343 inclusos
234 288 333 344 utero
358 279 494 344 Danaos
515 287 548 343 et
569 279 667 365 pinea
686 278 798 341 furtim

67 361 173 425 Laxat
195 361 349 427 claustra
372 361 482 426 Sinon.
522 361 599 427 Illos
621 361 804 448 patefactus
826 358 868 424 ad
890 381 988 423 auras

69 443 187 508 Reddit
210 467 328 531 equus,
352 445 430 510 laeti
452 467 492 509 ue
514 467 595 510 cavo
617 467 652 509 se
673 442 792 509 robore
814 452 966 528 promunt
1196 452 1247 502 260

69 527 303 592 Thessandrus
326 467 560 620 Sthendiusque
583 527 680 597 duces
703 535 736 595 et
757 525 847 596 dirus
871 525 995 611 Ulixes,

69 819 185 887 inquis,
214 817 334 885 infestis,
365 835 402 874 sc.
420 819 556 884 Troianis,
574 819 690 874 Aeneam
710 819 780 874 enim
800 818 943 874 'ticianum
965 819 1008 874 hic
1030 821 1103 891 loqui
1119 819 1246 874 debemus

69 887 232 941 meminisse.
271 888 348 941 Fata
372 889 462 941 autem
489 887 599 941 deorum
623 904 675 940 non
697 887 785 941 solum
807 890 883 950 sunt,
908 903 975 957 quae
997 888 1068 956 ipsos
1089 892 1184 943 tenent
1205 890 1248 954 (ut

68 954 132 1014 711,
155 958 243 1018 1991,
269 955 317 1008 sed
340 956 437 1018 etiam,
462 972 529 1024 quae
552 956 585 1010 ab
610 955 643 1008 iis
661 955 761 1008 dantur
788 956 928 1023 (utsupra
947 972 972 1009 v.
995 960 1035 1008 54.
1054 956 1103 1023 ΠΙ,
1123 952 1179 1010 717.
1199 955 1246 1017 IV,

69 1022 178 1078 1117,
201 1026 261 1075 781.
279 1023 328 1086 VI,
346 1024 416 1087 376.)
434 1055 467 1062 --
485 1026 654 1092 defensas,
673 1023 712 1076 itu
729 1027 761 1076 ut
779 1026 932 1076 servaretur
950 1023 1109 1077 aTroianis.
1129 1056 1162 1063 —
1180 1020 1246 1083 258.

71 1091 213 1142 Danaos
243 1098 274 1142 et
302 1091 458 1143 elaeaetra
485 1091 580 1143 laxat
625 1107 653 1143 er
681 1107 793 1159 zeugma
822 1091 925 1143 dictum
955 1106 1012 1145 esse
1062 1108 1090 1144 ro
1122 1090 1248 1144 claustris

71 1157 185 1214 liorihns
206 1158 234 1209 in
254 1158 351 1224 latere)
369 1158 467 1211 laxatis
487 1159 589 1211 emittit
606 1108 723 1221 11111101,
741 1159 768 1211 in
786 1160 913 1228 promptu
933 1162 981 1213 est.
1053 1203 1058 1211 .
1085 1158 1188 1212 adnott.
1213 1158 1247 1211 ad

70 1225 133 1278 Geo.
152 1225 175 1285 1,
195 1229 237 1279 93.
260 1227 326 1279 Aen.
346 1225 368 1286 l,
387 1229 446 1279 426.
466 1227 493 1279 et
510 1227 545 1280 al.
580 1224 709 1279 Ceterum
726 1242 779 1279 non
797 1229 864 1290 erat,
884 1242 931 1279 cur
948 1226 1064 1280 editores
1082 1226 1137 1280 tere
1155 1242 1246 1279 omues

70 1292 213 1346 haererent
243 1293 271 1345 in
300 1294 486 1347 consecutione
513 1296 664 1361 temporam
693 1295 769 1347 ibat
790 1323 831 1333 ·-
857 1311 926 1346 eam
955 1295 1125 1347 extolleret
1145 1323 1157 1334 -
1182 1323 1193 1333 -
1219 1302 1248 1346 et

71 1362 175 1422 taret,
200 1376 271 1428 quse
294 1365 336 1414 est
353 1361 379 1414 le
401 1361 477 1413 'tima
499 1364 526 1415 et
547 1363 660 1415 naturae
682 1378 793 1430 prorsus
813 1361 979 1415 conveniens.
1014 1360 1115 1429 Argiva
1131 1360 1247 1429 phalanx

71 1428 186 1490 11111111)
213 1429 273 1480 ibat
295 1429 349 1493 (cui
394 1429 539 1497 mperiecto
557 1429 630 1482 ucho
658 1429 730 1483 inest
757 1429 794 1482 rei
821 1429 967 1496 durantis),
996 1447 1056 1482 mem
1083 1431 1246 1498 (postquam)

71 1496 142 1563 regia
159 1495 240 1548 naris
258 1496 396 1549 flammam
414 1504 493 1566 (quae
510 1497 617 1566 signum
648 1501 719 1550 esset
736 1497 918 1566 profectionis)
945 1497 1077 1550 eatederat
1099 1501 1178 1567 (quae
1204 1513 1246 1551 res

71 1567 211 1631 praeterea
231 1567 289 1616 tam
308 1564 430 1618 celeriter
448 1565 488 1626 fit,
506 1567 537 1617 ut
555 1566 596 1618 vix
615 1564 800 1618 animadversa
821 1565 875 1618 iam
892 1565 1081 1643 praeterierit),
1101 1581 1152 1635 quo
1170 1565 1247 1634 signo

71 1633 213 1698 conspecto
241 1631 324 1684 Sinon
351 1632 483 1702 extemplo
506 1634 584 1685 lauat
600 1632 732 1696 claustra,
758 1648 825 1701 quae
850 1634 953 1712 etipsa
971 1633 1041 1686 actio
1060 1635 1175 1686 esttam
1194 1633 1246 1685 cito

70 1699 218 1759 usnsiens,
243 1702 277 1751 ut
295 1699 433 1753 commode
451 1699 596 1753 Praesente
620 1702 675 1753 tem
696 1716 740 1752 ore
763 1700 908 1769 significan
929 1699 1055 1768 potuerit.
1092 1699 1143 1765 (ef.
1168 1700 1245 1753 modo

71 1765 103 1818 sd
131 1783 158 1818 r.
191 1769 251 1818 256.
281 1766 432 1826 adnotata.)
477 1767 657 1837 Plusquampe
685 1772 775 1822 ectum
803 1771 831 1822 et
861 1767 992 1820 Praesens
1022 1768 1115 1820 eadem
1143 1768 1245 1821 ratione

71 1835 274 1901 coniunguntur
290 1835 357 1887 hen.
370 1834 451 1897 -VIII,
470 1838 518 1889 219
537 1853 576 1904 sq.
596 1838 624 1888 et
640 1836 702 1896 XII,
720 1839 770 1888 439
788 1852 835 1955 sap
858 1835 1009 1900 Conington
1033 1834 1098 1888 mihi
1116 1833 1246 1887 adsensus

71 1917 125 1954 eom
145 1905 210 1954 eret
229 1902 297 1955 Aen.
316 1902 350 1961 X,
368 1904 434 1962 262..
453 1903 507 1967 uhi,
530 1907 561 1956 ut
579 1903 622 1956 hic
640 1903 749 1971 Impert'.
769 1905 796 1956 et
836 1902 1041 1972 lusquamperl,
1061 1902 1098 1955 sic
1116 1900 1246 1955 Praesens

70 1974 95 2021 et
138 1970 276 2023 effectum
293 1970 500 2048 coniungantur.
519 1970 595 2035 Quod
615 1973 707 2024 autem
725 1971 825 2024 attinet
843 1970 877 2023 ed
896 1970 973 2023 illum
985 1970 1247 2049 Plusquamperfecti

68 2053 146 2090 usum
170 2036 204 2089 de
223 2053 253 2090 re
271 2041 329 2090 tam
347 2039 438 2090 subito
458 2042 485 2091 et
497 2039 639 2107 improviso
652 2038 796 2102 accidente,
816 2040 848 2091 ut
860 2039 1004 2108 conspectu
1022 2038 1101 2091 citius
1113 2039 1245 2104 transeat,

67 2105 101 2157 ci.
120 2121 145 2156 s.
168 2121 192 2157 e.
211 2104 272 2157 Liv.
291 2105 328 2165 ΙΙ,
350 2109 395 2169 ll,
415 2108 439 2158 6.
470 2105 583 2160 Proelia
603 2107 669 2159 inito
688 2108 758 2158 acteo
778 2106 913 2159 concitata
932 2107 967 2158 im
989 2114 1033 2158 eta
1053 2123 1082 2160 ee
1099 2106 1246 2159 intulerant

68 2173 197 2238 Benna,
222 2181 254 2223 ut
269 2175 426 2241 frenderent
451 2175 511 2242 ipso
534 2175 645 2227 incursa
667 2174 807 2226 Aricinos.
834 2173 870 2226 id.
1036 2177 1059 2227 2.
1095 2173 1246 2242 Postquam

66 2257 196 2360 mere
211 2257 242 2293 se
259 2241 339 2307 repit,
358 2248 475 2293 verterat
511 2243 643 2295 cristatam
661 2243 691 2294 in
709 2242 859 2295 Romanos.
878 2241 914 2293 id.
933 2215 1065 2304 xxtiln,
1086 2245 1110 2304 2,
1132 2244 1154 2295 1.
1175 2241 1247 2294 Tria

98 2310 105 2320 '
126 2309 156 2360 ia
169 2310 268 2377 ferme
284 2310 388 2371 aderat,
408 2327 467 2361 euna
493 2312 560 2362 iared
576 2312 642 2362 diem
678 2311 721 2362 aie
740 2309 1125 2362 ieamhootiamaeeseratetc.
1143 2308 1246 2377 Copula

67 2376 331 2444 summissaeque),
352 2393 432 2444 quam
450 2376 533 2445 Heyn.
555 2378 634 2430 unius
691 2376 715 2430 d.
754 2375 835 2430 ulich.
849 2376 1009 2430 auctoritate
1028 2375 1144 2430 deletam
1158 2375 1244 2439 malit,

68 2461 161 2496 omnes
187 2447 281 2496 autem
305 2443 467 2496 recentiores
490 2444 605 2498 editores
629 2446 686 2497 iure
707 2445 888 2506 retinuerunt,
914 2443 1045 2497 offendere
1067 2461 1121 2496 non
1146 2447 1244 2513 potest.

68 2511 211 2564 Sententia
237 2511 309 2563 enim
335 2511 401 2564 haec
423 2514 476 2565 est:
500 2512 568 2565 Cum
591 2512 676 2565 classe
699 2512 931 2581 adpropinquante
957 2513 1034 2564 navis
1057 2512 1131 2590 regie
1159 2511 1246 2564 facem

69 2579 225 2639 extulisset,
250 2577 331 2630 Sinon
352 2595 383 2631 ea
401 2582 541 2648 conspecta
566 2581 661 2633 statim
681 2578 800 2633 claustra
816 2579 905 2642 laxat,
927 2583 960 2632 ut
984 2581 1106 2633 averhis
1117 2580 1246 2647 fatisque

69 2649 146 2698 daim
170 2645 300 2713 apodosis
322 2646 443 2715 incipiat.
479 2646 520 2700 cf.
544 2650 635 2701 autem
664 2647 696 2700 de
718 2647 768 2701 hoc
788 2663 839 2700 usu
861 2646 1143 2726 Particularumleone
1162 2677 1173 2687 -
1193 2656 1247 2699 -et

69 2713 305 2859 111911ῗὶ1
326 2712 511 2849 &hihi
533 2716 708 2836 tinette
727 2714 1246 2852 thilia,{tetenstete

69 2867 104 2901 sic
123 2849 356 2915 distmgnentem:
370 2859 473 2918 petens.
535 2852 650 2904 maeatas
667 2869 726 2903 ciam
745 2880 756 2890 ·
775 2880 785 2888 ·
805 2879 816 2889 -
836 2849 943 2917 Sinoo;
971 2849 1036 2902 illos
1055 2853 1115 2912 ete,
1135 2851 1166 2901 ut
1183 2863 1245 2915 apo·

70 2916 138 2969 dosis
158 2915 276 2983 incipiat
294 2917 328 2968 ab
342 2915 399 2971 his:
420 2917 484 2970 ellos
493 2920 668 2987 patefactam
688 2921 781 2971 contra
793 2934 871 2986 quem
884 2919 956 2970 recte
968 2916 1010 2969 dis
1030 2918 1092 2968 utat
1104 2914 1245 2968 Weiclrert.

68 2983 124 3036 11.
144 3002 174 3053 p.
196 2986 225 3035 11
250 2983 811 3052 11],11111111111111111111111111111
831 2984 1003 3054 perspiciens.
1051 3000 1125 3052 agn..
1146 2981 1247 3035 oblitus

68 3050 136 3104 haud
158 3050 253 3110 dubie,
274 3068 303 3103 se
321 3052 349 3103 in
368 3053 512 3107 carmine
530 3054 732 3133 interpretando
750 3052 860 3113 versari,
874 3051 970 3105 horum
986 3067 1112 3104 versuum
1127 3050 1247 3103 membre

69 3120 105 3171 ita
122 3118 262 3187 disposita
279 3119 370 3173 malit:
401 3121 440 3172 Et
460 3121 515 3173 eam
536 3122 643 3187 Aratea
657 3123 797 3192 phalanx,
819 3120 948 3188 flammas
972 3138 1031 3172 eane
1047 3119 1125 3186 sepia
1141 3118 1248 3188 pappele

70 3186 226 3251 Ertulerat,
246 3187 348 3239 tacitae
385 3205 415 3239 er
438 3190 527 3241 amica
544 3190 654 3242 silentia
676 3189 757 3242 lenae
776 3188 876 3241 Litora
897 3194 963 3239 nota
976 3195 1071 3257 petens
1108 3185 1247 3239 instructio

70 3256 183 3307 eadm
205 3253 267 3306 ibat
293 3254 320 3306 A
372 3258 472 3323 eneda;
495 3257 625 3326 festaque
643 3258 705 3311 cett.
741 3255 845 3310 Peerlk.
869 3254 983 3323 denique
1006 3271 1070 3324 prae
1100 3253 1246 3308 rnecessi-

69 3324 152 3374 1111111
177 3321 249 3374 coni.
286 3320 407 3375 Extulit:
432 3329 461 3375 at
481 3324 552 3388 fatie
580 3325 673 3377 diatim
698 3326 757 3391 def.
788 3324 840 3389 eie,
871 3329 901 3375 at
922 3339 971 3391 pro
999 3330 1054 3375 tam
1080 3339 1156 3385 vero,
1183 3329 1247 3375 tanc

69 3398 155 3442 caum
195 3388 300 3441 ositum
317 3405 376 3442 esse
395 3391 530 3455 statuens;
555 3407 609 3460 qua
627 3391 780 3445 coniectura
797 3389 884 3442 omnis
912 3389 964 3443 loci
986 3389 1062 3460 vigor
1078 3389 1194 3444 tollitur.
1214 3421 1246 3429 -

69 3453 127 3516 259.
162 3405 277 3508 diasat
299 3457 451 3511 claicetra
476 3458 595 3512 Sinon.
630 3458 673 3512 Ol.
698 3459 781 3511 soth.
803 3458 864 3511 Lat.
889 3457 928 3521 11,
954 3461 1015 3520 192,
1041 3462 1081 3512 14.
1111 3460 1248 3512 laetantem

70 3524 191 3576 claustra
227 3522 360 3577 Sinonem
390 3526 417 3578 ct
447 3525 555 3579 Petron.
588 3526 614 3579 in
643 3525 765 3580 Wernsd.
798 3525 875 3578 roes.
905 3525 935 3580 L.
960 3525 1024 3580 min.
1049 3526 1101 3590 IV,
1129 3529 1186 3590 763,
1206 3529 1245 3578 57,

72 3591 167 3644 Danai
189 3591 322 3643 relaxant
345 3592 473 3647 claustra.
509 3593 639 3647 Similiter
660 3593 723 3648 Geo.
745 3593 786 3660 II,
810 3596 866 3646 ³31.
897 3593 1009 3646 Laxant
1026 3593 1196 3647 arcessimus.
1214 3625 1247 3633 --

71 3658 173 3713 Sino-u
191 3658 301 3713 Graeca
317 3658 404 3713 forma
423 3659 512 3714 hicet
530 3661 601 3714 infra
619 3678 642 3717 v.
661 3664 729 3722 329..
747 3664 779 3714 ut
796 3660 887 3714 hiatus
907 3661 1061 3715 evitaretur.
1097 3662 1137 3715 ef.
1156 3659 1245 3714 Bentl.

71 3726 101 3778 sd
124 3726 192 3780 Hor.
217 3724 271 3778 Od.
295 3725 351 3788 ΙΠ,
374 3730 402 3787 8,
427 3731 466 3781 18.
489 3728 616 3782 Ochsner.
635 3729 669 3782 ad
687 3729 742 3782 Cic.
761 3727 818 3782 Ecl.
841 3730 942 3796 11135.
968 3731 996 3782 et
1018 3733 1059 3782 53.
1079 3728 1133 3783 alii.
1155 3758 1187 3765 -
1205 3728 1249 3779 ad

70 3794 319 3847 aarasredclit.
355 3794 916 3880 Vid.suprav.158.sabaarasfeere.
946 3827 978 3835 —
1008 3794 1073 3856 269.
1104 3810 1246 3913 „aegro-

71 3871 163 3929 aaut,
187 3860 343 3930 prodeunt:
362 3861 672 3934 1ππόθενέκχύμενοι,
692 3867 786 3918 κοῖλον
803 3865 887 3932 texor
904 3862 1125 3933 tenpolindvree
1149 3863 1171 3917 Ο
1191 3878 1245 3930 yss.

70 3928 139 3991 7111,
158 3932 240 3983 516.“
262 3928 353 3996 Hepo.
373 3929 445 3994 Quae
463 3931 585 3999 sequitur
602 3932 770 4001 singulomm
786 3931 905 3985 virorum
924 3931 1103 3992 enumeratio,
1132 3945 1191 3983 eam
1211 3928 1245 3981 ad

71 3995 173 4051 Homeri
192 3996 358 4065 exemplum
382 3997 573 4052 conformatam
601 4016 674 4059 esse,
702 4016 755 4053 non
784 4001 826 4053 est
872 3998 925 4053 uod
952 4015 1105 4052 memorem.
1140 3995 1246 4050 Similes

8 4132 10 4135 ι
71 4063 902 4128 1111111111(111.Ι11,331.11111.1ῙΠ,7111111111.
939 4066 1066 4120 Ceterum
1085 4064 1245 4117 desumere

3 4132 12 4192 ,⁴
71 4130 175 4185 heroum
196 4146 268 4200 equo
288 4131 462 4195 inclusorum,
481 4136 513 4185 ut
531 4134 636 4187 omnino
663 4133 695 4188 de
714 4136 771 4188 toto
790 4150 869 4203 equo,
898 4132 932 4187 cf.
953 4132 1050 4200 Heynii
1069 4132 1177 4185 Excute.
1196 4131 1245 4186 Ill.

73 4198 142 4253 alh.
160 4200 183 4253 l.
216 4229 249 4237 -
281 4196 347 4259 261.
378 4199 624 4262 Thessandrus,
649 4203 692 4271 qui
713 4203 828 4256 Homero
847 4217 899 4253 non
921 4203 1152 4259 commemoratur,
1174 4199 1245 4253 idem

18 4333 20 4336 y
75 4282 123 4319 erse
139 4267 266 4329 11111111,
295 4282 375 4335 quem
395 4267 440 4320 alii
459 4267 567 4331 (Herod.
585 4269 632 4332 IV,
655 4274 710 4325 117.
728 4270 779 4335 vl,
799 4270 839 4321 52.
867 4267 947 4321 Paus.
965 4267 1012 4329 IX,
1032 4272 1056 4328 5,
1076 4270 1100 4318 7.
1121 4266 1244 4336 Apollod.

1 4353 22 4408 ..1
73 4332 115 4395 III.
133 4341 156 4392 7.
176 4339 203 4389 2.
224 4334 298 4421 Hyg.
318 4333 337 4387 t'.
358 4337 398 4386 71.
418 4333 506 4389 Schol.
525 4335 604 4390 Pind.
625 4336 666 4391 01.
685 4338 721 4396 11.
741 4337 794 4401 76.)
816 4335 1027 4399 thessandrum,
1046 4333 1140 4403 Dictys
1156 4337 1246 4388 autem

3 4427 4 4430 =
75 4399 104 4453 li
132 4412 159 4457 et
189 4404 251 4473 ipse
275 4402 479 4455 Iheeeaudmm
497 4405 587 4466 vocat,
616 4404 634 4457 i.
657 4421 679 4459 e.
702 4404 752 4458 Pol
790 4401 838 4455 icis
869 4402 897 4454 et
926 4401 1024 4474 Argiae
1051 4401 1137 4468 tilius,
1184 4419 1250 4458 uem

74 4472 168 4531 111111,
195 4487 213 4523 a
232 4470 290 4523 Ver
313 4469 357 4522 'lio
376 4469 574 4545 disseutientes,
601 4471 682 4527 Paua.
706 4475 734 4527 et
751 4420 848 4541 ilictys
869 4468 902 4526 ll.
922 4469 954 4530 ll.
979 4470 1037 4530 iam
1051 4471 1167 4532 ineunte
1205 4473 1261 4530 cllo

74 4533 175 4593 lroimo
202 4555 220 4592 a
253 4536 368 4603 Teepho
397 4549 511 4588 oceasum
535 4537 692 4609 perhibent.
737 4541 937 4615 Sthenelus,
976 4543 1105 4622 Capanei
1135 4546 1216 4621 regis
1244 4545 1277 4601 et
