2874 4972
191 198 252 262 500
550 190 588 255 Ρ.
608 189 796 257 VERGILI
816 187 1015 255 MARONIS

193 363 287 443 Quae
309 359 412 425 dabat
433 369 465 423 et
485 381 596 424 sacros
620 358 774 424 servabat
796 359 829 422 in
853 356 971 423 arbore
994 377 1116 436 ramos,
1327 366 1376 415 sss

193 446 216 511 S
243 467 361 531 argens
383 441 517 507 humida
538 442 636 507 niella
656 441 935 529 soporiferumque
956 461 1113 528 papaver.

228 552 287 595 aec
308 551 342 594 se
365 525 564 592 carminibus
588 528 749 613 promittit
773 524 899 590 solvere
921 534 1056 605 mentes,

191 828 312 883 Atlantis
330 828 433 883 radices
453 829 519 882 sitos
538 828 626 897 fingit.
657 828 799 882 consentit
817 842 879 881 cnm
897 842 927 881 eo
944 826 1014 881 Plin.
1034 827 1065 882 V.
1082 843 1122 896 pr.
1141 828 1168 880 et
1185 825 1260 888 XIX,
1283 830 1308 889 4,
1326 829 1376 887 22,

193 897 228 950 ad
246 896 351 959 Lixum,
383 897 568 951 Mauretaniae
592 896 729 964 oppidum,
759 898 788 950 et
806 895 905 965 Hygin.
930 895 951 950 f.
969 899 1010 950 30.
1029 897 1106 958 extr,
1129 894 1164 948 ad
1187 896 1309 948 montem
1327 895 1375 948 it

192 966 296 1020 lautam
315 982 360 1019 eos
398 964 545 1019 naerendos
564 981 622 1019 esse
640 964 749 1019 docens.
773 963 859 1032 Hcyn.
879 965 985 1032 praeter
1004 963 1053 1017 bos
1073 963 1147 1017 locos
1165 960 1282 1016 conferri
1300 962 1374 1016 iubet

192 1034 311 1103 interpp.
338 1032 371 1086 ad
417 1050 433 1094 n
456 1033 489 1086 'ii
515 1033 535 1086 l.
557 1033 583 1096 l.,
602 1032 714 1087 Salmas.
737 1031 772 1086 ad
791 1031 872 1086 Solin.
893 1048 917 1152 p.
937 1035 985 1084 264
1005 1048 1063 1100 sqq.
1082 1034 1110 1085 ct
1128 1047 1178 1084 sua
1195 1031 1229 1084 ad
1248 1029 1375 1100 Apollod.

193 1105 288 1221 piniti
312 1117 367 1219 sopp.
405 1090 464 1155 Vi.
492 1101 575 1154 etiarn
596 1100 665 1155 liber
688 1116 763 1154 mens
787 1115 877 1168 geogr.

220 1185 234 1222 e
327 1185 335 1220 i

299 1167 305 1180 ι
913 1100 935 1152 Ι.
958 1115 984 1167 p.
1007 1102 1066 1153 827.
1090 1100 1144 1153 not.
1171 1101 1209 1153 io.
1244 1097 1286 1151 De
1310 1096 1376 1168 ipsis

193 1168 339 1298 stifft,
356 1165 1375 1303 it.titiiltsdssitttftiit.titt-dotti

193 1320 236 1384 ap.
256 1302 381 1372 Apollon.
401 1304 453 1368 ΠΙ,
472 1308 522 1356 530
542 1322 572 1373 sq

194 1372 300 1425 rissiine
318 1370 384 1425 baec
403 1372 529 1426 adnotat:
553 1321 702 1439 „bicornes
722 1371 770 1425 illa
787 1387 858 1424 nunc
876 1370 914 1424 Ca
961 1371 1040 1439 agina
1059 1370 1159 1424 versari
1179 1369 1295 1424 dicitnr:
1314 1369 1375 1423 olim

192 1441 282 1493 custos
313 1439 408 1507 templi
440 1443 498 1493 erat
521 1442 549 1493 et
572 1439 681 1494 diaconi
704 1439 758 1508 [qui
781 1438 875 1493 Ladon
899 1438 1052 1492 dicebatur:
1084 1438 1117 1493 cf.
1141 1436 1230 1506 Apoll.
1255 1436 1307 1491 Rb.
1330 1437 1374 1498 iv,

195 1512 269 1561 1396.
294 1511 322 1561 ct
339 1508 402 1560 Hes.
421 1507 520 1576 Theog.
542 1511 600 1562 333.
624 1507 753 1576 aWagn.
772 1506 857 1575 land]
875 1505 969 1575 epulas
989 1506 1074 1561 dabat
1092 1508 1156 1560 cett.
1190 1505 1307 1559 Frustra
1325 1504 1374 1574 igi·

192 1580 239 1629 tiir
256 1576 285 1628 iii
301 1591 343 1628 vr.
362 1576 448 1628 datm
466 1580 495 1628 et
511 1578 637 1629 sanabat
654 1575 807 1638 haeserunt,
826 1591 909 1643 eaque
929 1591 977 1643 pro
996 1575 1046 1628 dot
1063 1576 1092 1628 ct
1108 1581 1199 1627 servat
1216 1574 1307 1641 posita
1319 1589 1374 1627 csse

199 1645 336 1697 censent.“
358 1673 390 1681 -
409 1645 606 1713 epulasque.
642 1644 736 1712 Wagn.
757 1642 843 1704 docet,
862 1659 915 1695 non
934 1641 984 1695 sibi
1003 1640 1163 1710 respondere
1181 1641 1256 1695 Part.
1275 1658 1329 1711 que
1344 1673 1375 1681 -

199 1719 232 1778 et,
263 1709 310 1763 sed
334 1709 422 1764 lociun
445 1711 486 1765 ita
511 1711 716 1781 intelligendum
743 1727 809 1774 esse,
837 1727 873 1789 ‚ac
892 1709 916 1763 si
933 1710 1063 1779 scriptum
1082 1711 1166 1787 essct:
1196 1725 1269 1778 quae
1286 1711 1374 1788 custos

197 1785 257 1832 erat
287 1780 315 1830 ct
347 1777 440 1831 dabat.
475 1778 580 1833 Peerlk.
604 1783 695 1833 tamen
718 1778 811 1833 haeret
835 1794 863 1830 in
888 1777 939 1831 bac
961 1777 1064 1846 Copula
1088 1777 1196 1831 adiecta
1217 1779 1245 1830 et
1268 1780 1374 1830 conncit

196 1845 255 1898 Hes
277 1846 383 1898 eridani
407 1847 510 1916 templi,
542 1866 660 1901 saccos
684 1847 780 1916 epulus
852 1847 912 1907 etc,
944 1848 975 1898 ut
996 1846 1072 1899 ared
1096 1844 1130 1898 nd
1154 1844 1269 1898 humida
1286 1844 1375 1911 nsua,

196 1931 250 1983 epo
283 1929 297 1966 e
320 1911 355 1967 ad
380 1915 567 1984 aoponjemriir
591 1933 719 1985 poposci·
744 1930 772 1968 re
785 1912 898 1968 erendae
926 1913 991 1967 sint.
1012 1943 1045 1952 -
1067 1911 1133 1973 485.
1164 1912 1226 1979 „in
1256 1912 1375 1989 arbore

194 1999 318 2045 ramos,
348 1997 384 2035 sc.
403 1997 464 2036 cuin
482 1982 569 2051 pomis
586 1983 683 2043 aureis,
724 1997 772 2034 noa
790 1981 887 2034 Veneri
905 1997 994 2035 sacros
1012 1980 1094 2034 fnisse
1112 1979 1187 2034 Seri·
1205 1983 1313 2035 narrat:
1330 1978 1373 2033 alii

196 2049 295 2128 Terrae
314 2065 412 2102 muniis
432 2065 511 2118 poma
529 2065 610 2103 aurea
628 1999 806 2103 tradiilerant.
841 2048 901 2102 Vid.
920 2047 955 2102 ad
973 2048 1094 2169 Apollod.
1112 2048 1150 2111 Π,
1176 2052 1201 2112 5,
1223 2052 1264 2102 ll.
1299 2047 1375 2102 cere

196 2117 293 2170 violari
314 2133 359 2170 eos
377 2117 453 2170 nefas
472 2120 559 2171 erat.“
580 2117 667 2186 Hepn.
692 2114 797 2170 Ladew.
817 2133 878 2170 vere
896 2115 1018 2179 adnota,
1040 2116 1122 2170 verba
1138 2133 1235 2169 comos
1252 2117 1376 2169 amabat

195 2187 225 2236 in
252 2184 351 2237 arbore
373 2200 467 2237 ramos
509 2200 537 2237 io
558 2185 595 2238 rie
620 2184 656 2238 ad
679 2184 820 2238 draconem
846 2183 986 2239 referenda
1010 2201 1076 2251 esse,
1107 2182 1154 2236 sed
1173 2199 1235 2236 cum
1255 2181 1375 2237 sacerdos

196 2267 256 2303 enm
275 2250 332 2304 alat
349 2253 377 2304 et
394 2252 434 2305 ita
452 2251 481 2304 el
499 2201 561 2318 cisi,
593 2257 624 2305 nt
641 2252 688 2306 ille
706 2268 812 2306 servare
849 2252 926 2318 ossit,
956 2268 1009 2305 non
1034 2251 1125 2320 inepte
1150 2251 1232 2304 etiarn
1256 2250 1292 2304 ad
1309 2250 1374 2304 hanc

195 2317 409 2440 {testa
424 2319 551 2441 eus
590 2270 991 2442 tsi-,esaiani
1017 2338 1041 2389 Ρ·
1062 2322 1176 2447 tis
1196 2316 1374 2440 teau*

198 2469 222 2507 e.
242 2453 378 2516 obiiciens,
403 2471 539 2524 apponens
557 2455 674 2522 draconi,
700 2439 806 2509 nonbd
824 2455 974 2535 proximum
990 2432 1105 2508 'verbnm
1123 2404 1373 2532 ambbatqsed’ad

199 2522 286 2577 dabat
317 2521 494 2579 relerendum.
536 2523 616 2577 labii.
648 2523 756 2593 quidein
780 2528 834 2590 (cni
856 2522 1009 2576 adsentitur
1032 2521 1128 2590 Tbiel.)
1161 2521 1226 2575 haec
1255 2522 1372 2591 scripsit:

197 2587 366 2659 „Spargebat
391 2590 418 2643 in
437 2592 499 2652 vina
517 2591 598 2645 mella
616 2594 643 2645 et
657 2607 785 2687 papaver,
817 2590 914 2660 quibus
932 2589 1105 2645 advenientes
1124 2588 1158 2643 ab
1176 2588 1256 2643 horto
1276 2593 1376 2644 arceret

197 2661 225 2711 et
241 2672 323 2736 poma
340 2657 516 2727 Hesperidum
536 2661 656 2713 servaret
667 2661 688 2722 ‘3
709 2658 756 2713 sed
773 2659 832 2713 inre
843 2658 939 2727 Wagn.
963 2658 995 2712 de
1015 2659 1129 2712 veritate
1146 2655 1227 2711 buius
1247 2657 1375 2736 interpre-

196 2724 306 2779 tationis
328 2723 435 2779 videtnr
456 2725 589 2791 dubitare,
620 2743 680 2781 enin
706 2727 760 2780 mel
783 2730 811 2780 et
832 2742 948 2796 papaver
970 2725 1005 2780 ad
1029 2725 1100 2779 hunc
1125 2741 1204 2778 usum
1221 2723 1375 2779 adbibmsse

89 2833 91 2837 .
199 2795 303 2847 veteres
326 2808 378 2845 non
401 2795 513 2848 constet.
550 2793 585 2847 Et
603 2811 666 2848 sanc
702 2795 747 2848 nid
766 2796 819 2849 asel
836 2797 893 2847 tum
913 2794 965 2847 sibi
985 2793 1059 2856 velit,
1090 2809 1141 2846 non
1159 2791 1293 2862 intelligo,
1325 2793 1375 2847 etsi

197 2875 315 2931 papaver
344 2859 378 2914 ad
406 2859 526 2940 hospites
548 2812 739 2931 consopienllos
762 2862 933 2931 aptissimum
957 2861 1038 2915 fnisse
1069 2859 1193 2915 concedo.
1230 2859 1267 2914 Et
1290 2875 1376 2914 nonne

197 2934 277 2996 poeta
294 2927 345 2982 hoc
362 2935 513 2983 accuratius
534 2929 652 2985 indicare
674 2929 799 2991 debebat,
823 2946 892 2994 cuni,
913 2929 999 3049 epulis
1017 2928 1141 2983 draconis
1160 2932 1241 2982 antea
1262 2943 1376 2983 comnia·

197 2996 317 3059 moratis,
336 2996 422 3066 quivis
440 2996 525 3050 lector
544 2998 576 3051 de
593 2998 626 3051 iis
645 2999 746 3065 cogitet
765 3013 872 3051 necesse
890 2997 928 3050 sIt
981 2996 1068 3051 Audio
1090 3012 1162 3058 sane,
1187 2997 1375 3066 ⁸01>me

195 3081 321 3135 papaver
344 3080 396 3118 non
419 3068 513 3134 aptum
538 3082 595 3119 esse
619 3064 750 3127 draconis,
785 3066 829 3134 qni
846 3064 962 3134 pervigil
989 3079 1046 3118 esse
1075 3064 1180 3126 debeat,
1211 3064 1316 3127 cibnm;
1348 3066 1376 3117 st

197 3132 673 3266 {dtiltttldtttlttttt
686 3131 1060 3268 tttttttlttttstt
1075 3131 1376 3266 {lelluldiili

197 3268 296 3322 acriter
314 3217 452 3337 vituperia
464 3267 625 3337 Coniugton,
645 3267 731 3321 multa
749 3268 781 3321 de
800 3242 859 3324 bl.
878 3219 1030 3338 diiiputans)
1049 3271 1092 3323 est
1110 3217 1248 3338 epithctbn
1268 3282 1374 3329 omana,

197 3335 336 3405 vulgarem
354 3351 388 3404 pa
407 3336 494 3389 averia
513 3336 567 3389 vim
585 3335 738 3403 respiciens,
758 3353 825 3406 quae
844 3336 968 3390 hocloco
987 3352 1040 3390 non
1059 3333 1205 3406 premenda
1217 3339 1276 3398 est,
1296 3350 1376 3405 quain

197 3404 361 3458 sententiam
384 3353 466 3472 inpii.
490 3407 518 3457 et
543 3404 634 3472 Heniy
657 3404 681 3456 iii
704 3402 802 3458 Philol.
827 3403 887 3458 XII.
912 3422 939 3473 p.
965 3406 1013 3457 253
1038 3421 1077 3473 sq.
1102 3405 1275 3470 (retractans,
1308 3418 1376 3473 qnae

197 3470 305 3540 scripsit
322 3471 350 3523 in
370 3468 427 3524 Tw.
446 3488 527 3539 years
543 3470 590 3551 IV:
608 3490 634 3541 p.
654 3475 683 3524 ii
706 3475 757 3541 sq.)
781 3474 920 3541 repetunt,
949 3474 978 3526 et
995 3471 1086 3541 Henry
1110 3469 1218 3541 quidem
1242 3470 1296 3525 mel
1315 3487 1375 3525 cuni

197 3553 329 3656 papavere
347 3536 462 3590 miiitum
481 3537 666 3619 dulcissimum
693 3543 719 3592 et
739 3537 960 3620 deficatissimnm
979 3543 1100 3593 veterum
1119 3540 1206 3593 cibum
1227 3539 1312 3594 fnisse
1332 3539 1376 3592 do·

199 3620 228 3659 ce
261 3604 320 3658 coll.
341 3603 449 3658 Petron.
468 3623 494 3674 p.
516 3610 572 3661 101.
593 3607 712 3661 Hildcbr.
731 3606 799 3661 Plin.
818 3607 890 3672 XIX,
910 3610 933 3671 8,
953 3611 994 3663 53.
1014 3611 1042 3661 ct
1059 3607 1124 3661 Hor.
1142 3607 1176 3660 A.
1194 3605 1224 3660 P.
1245 3609 1301 3661 375.
1336 3607 1377 3659 Cf.

595 1345 599 1355 .
619 1303 718 1373 petitos
738 1319 806 1368 esse,
828 1303 882 1356 iam
900 1302 941 1356 He
959 1319 984 1356 n.
1008 1302 1090 1366 vidia
1118 1301 1197 1356 Iulia.
1222 1305 1315 1356 antem
1334 1317 1376 1356 vc·

199 3669 232 3726 de
254 3671 298 3725 his
320 3670 448 3740 epIthetis
472 3673 637 3739 omentibns,
668 3675 695 3727 in
714 3725 721 3737 ,
738 3675 816 3728 nibus
842 3674 972 3743 eligendis
996 3691 1049 3728 non
1073 3691 1178 3744 semper
1195 3673 1301 3729 felicem
1320 3690 1377 3729 esse

198 3738 349 3808 Vergilium
366 3738 496 3819 videmus,
515 3741 620 3796 adnott.
642 3742 677 3796 ad
689 3692 747 3796 nel
761 3742 795 3805 X,
815 3746 838 3797 6.
857 3742 950 3797 Gossr.
969 3759 1030 3797 cuin
1048 3743 1138 3798 Servio
1156 3741 1226 3796 male
1244 3741 1278 3797 de
1298 3740 1378 3795 melle

198 3810 227 3860 et
245 3822 377 3877 papavere
393 3806 494 3886 Ilidoni
517 3810 551 3862 ad
577 3807 728 3864 leniendum
748 3810 846 3864 amoris
864 3810 982 3865 dolorem
1003 3817 1032 3865 et
1049 3809 1208 3881 oblivionem
1227 3808 1377 3878 parandam

198 3877 322 3955 porrecto
341 3891 371 3928 co
403 3877 453 3930 tat.
491 3876 630 3958 Schrader2
646 3880 757 3947 propter
774 3877 843 3957 lianc
862 3877 1050 3934 difficultatem
1070 3895 1176 3933 omnem
1194 3894 1300 3957 versum
1319 3877 1378 3933 elici

198 3941 735 4091 stiltiltdtttttfflittttlti
749 3948 1158 4085 titillasset?
1176 3962 1379 4069 diuiti:

199 4094 290 4149 garein
308 4094 433 4134 versuum
451 4080 570 4134 ordinem
590 4085 661 4136 recte
679 4082 813 4135 defendit:
839 4085 869 4136 ut
887 4083 971 4137 etiam
990 4083 1143 4151 Conington
1162 4082 1231 4137 banc
1249 4084 1381 4152 transpo-

198 4147 322 4226 sitionem
340 4147 543 4227 lnipipbabilem
555 4148 671 4228 indicat.
691 4180 722 4187 Ν
741 4148 807 4228 487.
827 4152 1045 4216 carminibus,
1064 4150 1082 4206 i.
1103 4167 1127 4204 e.
1146 4150 1259 4230 magicis
1276 4148 1382 4230 formu·

197 4214 240 4278 lis,
280 4231 330 4269 nae
348 4216 470 4269 versibus
486 4232 560 4295 conci
581 4234 589 4269 i
607 4223 634 4272 et
653 4221 755 4271 cantari
773 4218 904 4281 solebant,
925 4236 976 4289 qno
994 4235 1072 4273 sensu
1087 4234 1281 4298 scopantium
1295 4221 1379 4273 ctiam

198 4281 348 4404 ist-..ti
371 4286 424 4404 tt
443 4283 519 4404 tit·
548 4285 760 4407 xlviiii·
786 4286 857 4408 is·
876 4287 984 4409 tte
1002 4284 1383 4409 tricliniares

200 4416 283 4496 ‘Wort
300 4391 433 4496 soimeri
449 4421 498 4475 cte.
519 4396 546 4472 in
560 4419 607 4475 Mu
622 4392 854 4475 tzeilii’Ze’i'tsolu:
878 4426 949 4476 1857.
969 4371 1019 4490 lel
1044 4400 1075 4493 sil
1096 4468 1101 4478 .
1122 4398 1149 4477 et
1169 4436 1237 4492 qnae
1251 4399 1380 4478 Ribbeck.

199 4502 225 4537 in
244 4484 327 4537 Novis
344 4487 439 4542 Annal.
460 4486 526 4556 pliil.
550 4438 682 4546 uxivn.
703 4507 727 4557 p.
748 4491 793 4542 201
817 4506 829 4541 s
850 4506 874 4570 q.
895 4495 988 4543 contra
1006 4506 1066 4543 euni
1076 4441 1215 4558 bisuntat.
1236 4488 1279 4543 Sic
1297 4490 1382 4544 etinni

201 4558 296 4605 cantos
315 4551 385 4631 band
405 4569 465 4607 raro
484 4572 531 4623 pio
552 4555 788 4611 incantationibus.
827 4506 867 4612 gt.
888 4559 953 4611 Aen.
973 4557 1033 4618 VII,
1058 4562 1113 4614 ῖ54.
1136 4557 1211 4614 Ovid.
1232 4557 1298 4613 liet.
1319 4557 1382 4624 vn,

206 4622 259 4670 1445.
294 4617 391 4674 Tibull.
412 4621 433 4683 l,
458 4625 481 4678 s.
507 4627 545 4677 20.
579 4623 625 4679 Sil.
650 4622 711 4679 Ital.
733 4623 808 4688 VIII,
833 4629 881 4678 495
904 4642 962 4695 sqq.
1002 4625 1062 4680 Vid.
1085 4624 1170 4682 Schol.
1195 4624 1291 4695 Crucq.
1316 4625 1382 4681 Hor.
