<?xml version="1.0" encoding="UTF-8"?>
<!DOCTYPE html PUBLIC "-//W3C//DTD XHTML 1.0 Transitional//EN"
    "http://www.w3.org/TR/xhtml1/DTD/xhtml1-transitional.dtd">
<html xmlns="http://www.w3.org/1999/xhtml" xml:lang="en" lang="en">
 <head>
  <title>
</title>
<meta http-equiv="Content-Type" content="text/html;charset=utf-8" />
  <meta name='ocr-system' content='tesseract 3.04.00' />
  <meta name='ocr-capabilities' content='ocr_page ocr_carea ocr_par ocr_line ocrx_word'/>
</head>
<body>
  <div class='ocr_page' id='page_1' title='image "./opera06virggoog_0730.png"; bbox 0 0 2782 4958; ppageno 0'>
   <div class='ocr_carea' id='block_1_1' title="bbox 175 200 995 278">
    <p class='ocr_par' dir='ltr' id='par_1_1' title="bbox 175 200 995 278">
     <span class='ocr_line' id='line_1_1' title="bbox 175 200 995 278; baseline -0.004 -3"><span class='ocrx_word' id='word_1_1' title='bbox 175 213 236 278; x_wconf 82' lang='lat'><strong>718</strong></span> <span class='ocrx_word' id='word_1_2' title='bbox 526 204 562 270; x_wconf 90' lang='grc' dir='ltr'><strong>Ρ.</strong></span> <span class='ocrx_word' id='word_1_3' title='bbox 583 201 771 271; x_wconf 80' lang='lat' dir='ltr'>VERGILI</span> <span class='ocrx_word' id='word_1_4' title='bbox 790 200 995 272; x_wconf 71' lang='lat' dir='ltr'><strong>Mlucius</strong></span> 
     </span>
    </p>
   </div>
   <div class='ocr_carea' id='block_1_2' title="bbox 171 368 1356 546">
    <p class='ocr_par' dir='ltr' id='par_1_2' title="bbox 171 368 1356 546">
     <span class='ocr_line' id='line_1_2' title="bbox 171 368 1356 474; baseline -0.004 -34"><span class='ocrx_word' id='word_1_5' title='bbox 171 372 382 463; x_wconf 86' lang='lat' dir='ltr'>Deiphobum</span> <span class='ocrx_word' id='word_1_6' title='bbox 403 371 495 438; x_wconf 84' lang='lat' dir='ltr'><strong>videt</strong></span> <span class='ocrx_word' id='word_1_7' title='bbox 514 379 549 437; x_wconf 86' lang='lat' dir='ltr'><strong>et</strong></span> <span class='ocrx_word' id='word_1_8' title='bbox 564 370 711 437; x_wconf 87' lang='lat' dir='ltr'><strong>lacerum</strong></span> <span class='ocrx_word' id='word_1_9' title='bbox 732 368 912 435; x_wconf 88' lang='lat' dir='ltr'><strong>crudeliter</strong></span> <span class='ocrx_word' id='word_1_10' title='bbox 932 393 1007 456; x_wconf 83' lang='lat' dir='ltr'><strong>ora,</strong></span> <span class='ocrx_word' id='word_1_11' title='bbox 1123 460 1132 474; x_wconf 41' lang='lat'><strong>·</strong></span> <span class='ocrx_word' id='word_1_12' title='bbox 1322 393 1356 443; x_wconf 78' lang='lat' dir='ltr'><strong>tit</strong></span> 
     </span>
     <span class='ocr_line' id='line_1_3' title="bbox 171 453 1154 546; baseline 0.001 -23"><span class='ocrx_word' id='word_1_13' title='bbox 171 458 241 524; x_wconf 89' lang='lat' dir='ltr'><strong>Ora</strong></span> <span class='ocrx_word' id='word_1_14' title='bbox 262 478 441 545; x_wconf 89' lang='lat' dir='ltr'><strong>manusque</strong></span> <span class='ocrx_word' id='word_1_15' title='bbox 463 454 588 540; x_wconf 86' lang='lat' dir='ltr'><strong>ambas,</strong></span> <span class='ocrx_word' id='word_1_16' title='bbox 611 453 831 543; x_wconf 74' lang='lat' dir='ltr'><strong>populataque</strong></span> <span class='ocrx_word' id='word_1_17' title='bbox 851 464 1010 543; x_wconf 90' lang='lat' dir='ltr'><strong>tempora</strong></span> <span class='ocrx_word' id='word_1_18' title='bbox 1030 465 1154 546; x_wconf 83' lang='lat' dir='ltr'><strong>raptis</strong></span> 
     </span>
    </p>
   </div>
   <div class='ocr_carea' id='block_1_3' title="bbox 146 836 1390 4719">
    <p class='ocr_par' dir='ltr' id='par_1_3' title="bbox 146 836 1390 4719">
     <span class='ocr_line' id='line_1_4' title="bbox 171 836 1355 911; baseline 0.008 -18"><span class='ocrx_word' id='word_1_19' title='bbox 171 842 250 897; x_wconf 88' lang='lat' dir='ltr'><strong>minis</strong></span> <span class='ocrx_word' id='word_1_20' title='bbox 275 845 340 911; x_wconf 90' lang='lat' dir='ltr'><strong>(quo</strong></span> <span class='ocrx_word' id='word_1_21' title='bbox 366 837 466 909; x_wconf 89' lang='lat' dir='ltr'><strong>optime</strong></span> <span class='ocrx_word' id='word_1_22' title='bbox 493 837 605 891; x_wconf 86' lang='lat' dir='ltr'><strong>notatur</strong></span> <span class='ocrx_word' id='word_1_23' title='bbox 624 836 788 892; x_wconf 86' lang='lat' dir='ltr'><strong>Graecorum</strong></span> <span class='ocrx_word' id='word_1_24' title='bbox 804 837 917 907; x_wconf 84' lang='lat' dir='ltr'><strong>pertidia</strong></span> <span class='ocrx_word' id='word_1_25' title='bbox 934 841 964 894; x_wconf 89' lang='lat' dir='ltr'><strong>et</strong></span> <span class='ocrx_word' id='word_1_26' title='bbox 982 841 1164 911; x_wconf 85' lang='lat' dir='ltr'><strong>crudelitas)</strong></span> <span class='ocrx_word' id='word_1_27' title='bbox 1273 847 1279 861; x_wconf 87' lang='lat'><strong><em>‘</em></strong></span> <span class='ocrx_word' id='word_1_28' title='bbox 1331 848 1355 903; x_wconf 84' lang='lat' dir='ltr'><strong>sl</strong></span> 
     </span>
     <span class='ocr_line' id='line_1_5' title="bbox 168 903 1355 985; baseline 0.006 -21"><span class='ocrx_word' id='word_1_29' title='bbox 168 909 373 967; x_wconf 89' lang='lat' dir='ltr'><strong>describendam</strong></span> <span class='ocrx_word' id='word_1_30' title='bbox 392 910 487 977; x_wconf 78' lang='lat' dir='ltr'><strong>poetae</strong></span> <span class='ocrx_word' id='word_1_31' title='bbox 506 903 636 959; x_wconf 88' lang='lat' dir='ltr'><strong>obtulisse</strong></span> <span class='ocrx_word' id='word_1_32' title='bbox 654 905 829 975; x_wconf 78' lang='lat' dir='ltr'><strong>occasionem,</strong></span> <span class='ocrx_word' id='word_1_33' title='bbox 848 907 895 977; x_wconf 89' lang='lat' dir='ltr'><strong>qul</strong></span> <span class='ocrx_word' id='word_1_34' title='bbox 915 906 984 962; x_wconf 88' lang='lat' dir='ltr'><strong>hacc</strong></span> <span class='ocrx_word' id='word_1_35' title='bbox 997 909 1145 965; x_wconf 77' lang='lat' dir='ltr'><strong>Romanis</strong></span> <span class='ocrx_word' id='word_1_36' title='bbox 1165 917 1226 968; x_wconf 83' lang='lat' dir='ltr'><strong>suis</strong></span> <span class='ocrx_word' id='word_1_37' title='bbox 1243 933 1260 985; x_wconf 95' lang='lat' dir='ltr'><strong>p</strong></span> <span class='ocrx_word' id='word_1_38' title='bbox 1298 918 1355 970; x_wconf 71' lang='lat' dir='ltr'><strong>v&#39;trin</strong></span> 
     </span>
     <span class='ocr_line' id='line_1_6' title="bbox 168 973 1354 1049; baseline 0.006 -17"><span class='ocrx_word' id='word_1_39' title='bbox 168 978 248 1032; x_wconf 82' lang='lat' dir='ltr'><strong>facilc</strong></span> <span class='ocrx_word' id='word_1_40' title='bbox 272 975 428 1047; x_wconf 83' lang='lat' dir='ltr'><strong>praevidere</strong></span> <span class='ocrx_word' id='word_1_41' title='bbox 457 973 585 1042; x_wconf 88' lang='lat' dir='ltr'><strong>potuerit.</strong></span> <span class='ocrx_word' id='word_1_42' title='bbox 620 973 810 1027; x_wconf 88' lang='lat' dir='ltr'><strong>Narratiouem</strong></span> <span class='ocrx_word' id='word_1_43' title='bbox 836 990 897 1029; x_wconf 80' lang='lat' dir='ltr'><strong>vero</strong></span> <span class='ocrx_word' id='word_1_44' title='bbox 920 975 954 1030; x_wconf 92' lang='lat' dir='ltr'><strong>de</strong></span> <span class='ocrx_word' id='word_1_45' title='bbox 971 977 1110 1033; x_wconf 84' lang='lat' dir='ltr'><strong>Helenae</strong></span> <span class='ocrx_word' id='word_1_46' title='bbox 1130 983 1253 1049; x_wconf 82' lang='lat' dir='ltr'><strong>pertidia</strong></span> <span class='ocrx_word' id='word_1_47' title='bbox 1268 987 1354 1038; x_wconf 71' lang='lat' dir='ltr'><strong>Amas</strong></span> 
     </span>
     <span class='ocr_line' id='line_1_7' title="bbox 188 1041 1353 1117; baseline 0.008 -18"><span class='ocrx_word' id='word_1_48' title='bbox 188 1060 298 1100; x_wconf 90' lang='lat' dir='ltr'><strong>ersonae</strong></span> <span class='ocrx_word' id='word_1_49' title='bbox 317 1059 399 1114; x_wconf 90' lang='lat' dir='ltr'><strong>qnam</strong></span> <span class='ocrx_word' id='word_1_50' title='bbox 416 1041 550 1095; x_wconf 78' lang='lat' dir='ltr'><strong>maximae</strong></span> <span class='ocrx_word' id='word_1_51' title='bbox 565 1041 705 1094; x_wconf 82' lang='lat' dir='ltr'><strong>conuenire</strong></span> <span class='ocrx_word' id='word_1_52' title='bbox 722 1047 751 1094; x_wconf 85' lang='lat' dir='ltr'><strong>et</strong></span> <span class='ocrx_word' id='word_1_53' title='bbox 768 1042 889 1110; x_wconf 72' lang='lat' dir='ltr'><strong>poeticae</strong></span> <span class='ocrx_word' id='word_1_54' title='bbox 907 1047 1080 1112; x_wconf 72' lang='lat' dir='ltr'><strong>expositioni</strong></span> <span class='ocrx_word' id='word_1_55' title='bbox 1100 1050 1285 1116; x_wconf 83' lang='lat' dir='ltr'><strong>aptissimam</strong></span> <span class='ocrx_word' id='word_1_56' title='bbox 1301 1069 1353 1117; x_wconf 73' lang='lat' dir='ltr'><strong>eur,</strong></span> 
     </span>
     <span class='ocr_line' id='line_1_8' title="bbox 168 1062 1353 1199; baseline 0.013 -40"><span class='ocrx_word' id='word_1_57' title='bbox 168 1062 255 1183; x_wconf 71' lang='lat' dir='ltr'><strong>lleyn.</strong></span> <span class='ocrx_word' id='word_1_58' title='bbox 283 1113 341 1182; x_wconf 85' lang='lat' dir='ltr'><strong>ipsc</strong></span> <span class='ocrx_word' id='word_1_59' title='bbox 367 1108 510 1180; x_wconf 87' lang='lat' dir='ltr'><strong>perspexit.</strong></span> <span class='ocrx_word' id='word_1_60' title='bbox 545 1106 725 1189; x_wconf 76' lang='lat' dir='ltr'><strong>Anteoculos</strong></span> <span class='ocrx_word' id='word_1_61' title='bbox 743 1114 835 1163; x_wconf 86' lang='lat' dir='ltr'><strong>autem</strong></span> <span class='ocrx_word' id='word_1_62' title='bbox 852 1110 949 1165; x_wconf 86' lang='lat' dir='ltr'><strong>babuit</strong></span> <span class='ocrx_word' id='word_1_63' title='bbox 964 1117 1054 1194; x_wconf 74' lang='lat' dir='ltr'><strong>poeta</strong></span> <span class='ocrx_word' id='word_1_64' title='bbox 1074 1115 1166 1172; x_wconf 85' lang='lat' dir='ltr'><strong>Hom.</strong></span> <span class='ocrx_word' id='word_1_65' title='bbox 1185 1118 1240 1172; x_wconf 88' lang='lat' dir='ltr'><strong>Od</strong></span> <span class='ocrx_word' id='word_1_66' title='bbox 1257 1119 1353 1199; x_wconf 65' lang='lat' dir='ltr'><strong>Xittt</strong></span> 
     </span>
     <span class='ocr_line' id='line_1_9' title="bbox 168 1176 1352 1324; baseline 0.008 -24"><span class='ocrx_word' id='word_1_67' title='bbox 168 1177 367 1317; x_wconf 57' lang='lat' dir='ltr'><strong>{estitit</strong></span> <span class='ocrx_word' id='word_1_68' title='bbox 384 1176 744 1323; x_wconf 61' lang='lat' dir='ltr'><strong>itiittitttttil</strong></span> <span class='ocrx_word' id='word_1_69' title='bbox 767 1182 1352 1324; x_wconf 59' lang='lat' dir='ltr'><strong>§lutinliiqitfittiltltt</strong></span> 
     </span>
     <span class='ocr_line' id='line_1_10' title="bbox 167 1311 1350 1393; baseline 0.008 -25"><span class='ocrx_word' id='word_1_70' title='bbox 167 1315 248 1369; x_wconf 90' lang='lat' dir='ltr'><strong>buius</strong></span> <span class='ocrx_word' id='word_1_71' title='bbox 265 1315 330 1368; x_wconf 91' lang='lat' dir='ltr'><strong>libri</strong></span> <span class='ocrx_word' id='word_1_72' title='bbox 348 1312 516 1382; x_wconf 85' lang='lat' dir='ltr'><strong>argomento,</strong></span> <span class='ocrx_word' id='word_1_73' title='bbox 542 1313 570 1364; x_wconf 91' lang='lat' dir='ltr'><strong>et</strong></span> <span class='ocrx_word' id='word_1_74' title='bbox 586 1311 675 1380; x_wconf 90' lang='lat' dir='ltr'><strong>ipsum</strong></span> <span class='ocrx_word' id='word_1_75' title='bbox 694 1312 791 1366; x_wconf 85' lang='lat' dir='ltr'><strong>levius:</strong></span> <span class='ocrx_word' id='word_1_76' title='bbox 822 1315 850 1366; x_wconf 91' lang='lat' dir='ltr'><strong>et</strong></span> <span class='ocrx_word' id='word_1_77' title='bbox 867 1314 894 1367; x_wconf 89' lang='lat' dir='ltr'><strong>iu</strong></span> <span class='ocrx_word' id='word_1_78' title='bbox 912 1315 1009 1370; x_wconf 88' lang='lat' dir='ltr'><strong>multis</strong></span> <span class='ocrx_word' id='word_1_79' title='bbox 1029 1319 1170 1374; x_wconf 82' lang='lat' dir='ltr'><strong>versibus</strong></span> <span class='ocrx_word' id='word_1_80' title='bbox 1192 1327 1274 1377; x_wconf 77' lang='lat' dir='ltr'><strong>tanta</strong></span> <span class='ocrx_word' id='word_1_81' title='bbox 1288 1340 1350 1393; x_wconf 73' lang='lat' dir='ltr'><strong>appe</strong></span> 
     </span>
     <span class='ocr_line' id='line_1_11' title="bbox 167 1378 1349 1456; baseline 0.008 -20"><span class='ocrx_word' id='word_1_82' title='bbox 167 1386 211 1437; x_wconf 90' lang='lat' dir='ltr'><strong>ret</strong></span> <span class='ocrx_word' id='word_1_83' title='bbox 242 1383 416 1450; x_wconf 78' lang='lat' dir='ltr'><strong>negligentia,</strong></span> <span class='ocrx_word' id='word_1_84' title='bbox 446 1382 478 1431; x_wconf 93' lang='lat' dir='ltr'><strong>ut</strong></span> <span class='ocrx_word' id='word_1_85' title='bbox 499 1378 645 1446; x_wconf 77' lang='lat' dir='ltr'><strong>Vergilium</strong></span> <span class='ocrx_word' id='word_1_86' title='bbox 677 1395 722 1433; x_wconf 90' lang='lat' dir='ltr'><strong>cos</strong></span> <span class='ocrx_word' id='word_1_87' title='bbox 751 1380 939 1450; x_wconf 77' lang='lat' dir='ltr'><strong>conscripsisse</strong></span> <span class='ocrx_word' id='word_1_88' title='bbox 966 1399 1025 1437; x_wconf 91' lang='lat' dir='ltr'><strong>non</strong></span> <span class='ocrx_word' id='word_1_89' title='bbox 1047 1388 1205 1443; x_wconf 85' lang='lat' dir='ltr'><strong>credam.“</strong></span> <span class='ocrx_word' id='word_1_90' title='bbox 1243 1391 1349 1456; x_wconf 77' lang='lat' dir='ltr'><strong>Quamne</strong></span> 
     </span>
     <span class='ocr_line' id='line_1_12' title="bbox 167 1445 1349 1522; baseline 0.006 -18"><span class='ocrx_word' id='word_1_91' title='bbox 167 1455 260 1504; x_wconf 87' lang='lat' dir='ltr'><strong>autem</strong></span> <span class='ocrx_word' id='word_1_92' title='bbox 281 1447 480 1503; x_wconf 87' lang='lat' dir='ltr'><strong>concedendum</strong></span> <span class='ocrx_word' id='word_1_93' title='bbox 498 1445 544 1510; x_wconf 90' lang='lat' dir='ltr'><strong>sit,</strong></span> <span class='ocrx_word' id='word_1_94' title='bbox 575 1446 601 1498; x_wconf 92' lang='lat' dir='ltr'><strong>iu</strong></span> <span class='ocrx_word' id='word_1_95' title='bbox 620 1446 735 1515; x_wconf 82' lang='lat' dir='ltr'><strong>singulis</strong></span> <span class='ocrx_word' id='word_1_96' title='bbox 753 1449 914 1517; x_wconf 88' lang='lat' dir='ltr'><strong>quibusdam</strong></span> <span class='ocrx_word' id='word_1_97' title='bbox 933 1450 1017 1505; x_wconf 90' lang='lat' dir='ltr'><strong>buius</strong></span> <span class='ocrx_word' id='word_1_98' title='bbox 1036 1455 1165 1522; x_wconf 89' lang='lat' dir='ltr'><strong>episodii</strong></span> <span class='ocrx_word' id='word_1_99' title='bbox 1187 1462 1349 1520; x_wconf 73' lang='lat' dir='ltr'><strong>versibuart</strong></span> 
     </span>
     <span class='ocr_line' id='line_1_13' title="bbox 167 1513 1347 1586; baseline 0.006 -14"><span class='ocrx_word' id='word_1_100' title='bbox 167 1519 194 1572; x_wconf 87' lang='lat' dir='ltr'><strong>iu</strong></span> <span class='ocrx_word' id='word_1_101' title='bbox 213 1518 274 1572; x_wconf 86' lang='lat' dir='ltr'><strong>aliis</strong></span> <span class='ocrx_word' id='word_1_102' title='bbox 294 1517 417 1586; x_wconf 89' lang='lat' dir='ltr'><strong>pluribus</strong></span> <span class='ocrx_word' id='word_1_103' title='bbox 431 1513 557 1568; x_wconf 79' lang='lat' dir='ltr'><strong>Aeneidis</strong></span> <span class='ocrx_word' id='word_1_104' title='bbox 577 1515 651 1578; x_wconf 90' lang='lat' dir='ltr'><strong>locis,</strong></span> <span class='ocrx_word' id='word_1_105' title='bbox 671 1514 795 1568; x_wconf 75' lang='lat' dir='ltr'><strong>clumam</strong></span> <span class='ocrx_word' id='word_1_106' title='bbox 813 1517 906 1572; x_wconf 90' lang='lat' dir='ltr'><strong>limam</strong></span> <span class='ocrx_word' id='word_1_107' title='bbox 924 1518 1094 1586; x_wconf 86' lang='lat' dir='ltr'><strong>desiderari,</strong></span> <span class='ocrx_word' id='word_1_108' title='bbox 1117 1524 1187 1580; x_wconf 87' lang='lat' dir='ltr'><strong>iude</strong></span> <span class='ocrx_word' id='word_1_109' title='bbox 1207 1530 1296 1581; x_wconf 71' lang='lat' dir='ltr'><strong>musea</strong></span> <span class='ocrx_word' id='word_1_110' title='bbox 1311 1543 1347 1579; x_wconf 85' lang='lat' dir='ltr'><strong>nce</strong></span> 
     </span>
     <span class='ocr_line' id='line_1_14' title="bbox 167 1582 1347 1661; baseline 0.007 -22"><span class='ocrx_word' id='word_1_111' title='bbox 167 1586 298 1654; x_wconf 88' lang='lat' dir='ltr'><strong>sequitur,</strong></span> <span class='ocrx_word' id='word_1_112' title='bbox 327 1588 416 1637; x_wconf 89' lang='lat' dir='ltr'><strong>totum</strong></span> <span class='ocrx_word' id='word_1_113' title='bbox 446 1582 603 1649; x_wconf 89' lang='lat' dir='ltr'><strong>episodium,</strong></span> <span class='ocrx_word' id='word_1_114' title='bbox 633 1583 703 1651; x_wconf 88' lang='lat' dir='ltr'><strong>quod</strong></span> <span class='ocrx_word' id='word_1_115' title='bbox 734 1597 786 1636; x_wconf 90' lang='lat' dir='ltr'><strong>non</strong></span> <span class='ocrx_word' id='word_1_116' title='bbox 813 1585 900 1639; x_wconf 90' lang='lat' dir='ltr'><strong>solum</strong></span> <span class='ocrx_word' id='word_1_117' title='bbox 917 1602 1013 1641; x_wconf 89' lang='lat' dir='ltr'><strong>omnes</strong></span> <span class='ocrx_word' id='word_1_118' title='bbox 1031 1590 1131 1643; x_wconf 82' lang='lat' dir='ltr'><strong>Codd.</strong></span> <span class='ocrx_word' id='word_1_119' title='bbox 1152 1593 1292 1661; x_wconf 79' lang='lat' dir='ltr'><strong>exhibent,</strong></span> <span class='ocrx_word' id='word_1_120' title='bbox 1315 1596 1347 1647; x_wconf 78' lang='lat' dir='ltr'><strong>scd</strong></span> 
     </span>
     <span class='ocr_line' id='line_1_15' title="bbox 167 1649 1347 1720; baseline 0.008 -14"><span class='ocrx_word' id='word_1_121' title='bbox 167 1654 250 1707; x_wconf 89' lang='lat' dir='ltr'><strong>etiam</strong></span> <span class='ocrx_word' id='word_1_122' title='bbox 268 1652 446 1720; x_wconf 84' lang='lat' dir='ltr'><strong>posteriorum</strong></span> <span class='ocrx_word' id='word_1_123' title='bbox 466 1649 623 1712; x_wconf 87' lang='lat' dir='ltr'><strong>auctoritas,</strong></span> <span class='ocrx_word' id='word_1_124' title='bbox 650 1651 696 1718; x_wconf 92' lang='lat' dir='ltr'><strong>qui</strong></span> <span class='ocrx_word' id='word_1_125' title='bbox 722 1651 844 1718; x_wconf 81' lang='lat' dir='ltr'><strong>singulos</strong></span> <span class='ocrx_word' id='word_1_126' title='bbox 869 1654 925 1706; x_wconf 90' lang='lat' dir='ltr'><strong>eius</strong></span> <span class='ocrx_word' id='word_1_127' title='bbox 943 1652 1020 1709; x_wconf 91' lang='lat' dir='ltr'><strong>locos</strong></span> <span class='ocrx_word' id='word_1_128' title='bbox 1041 1658 1091 1711; x_wconf 81' lang='lat' dir='ltr'><strong>vel</strong></span> <span class='ocrx_word' id='word_1_129' title='bbox 1115 1660 1227 1715; x_wconf 78' lang='lat' dir='ltr'><strong>imitati</strong></span> <span class='ocrx_word' id='word_1_130' title='bbox 1247 1666 1306 1717; x_wconf 88' lang='lat' dir='ltr'><strong>sunt</strong></span> <span class='ocrx_word' id='word_1_131' title='bbox 1320 1662 1347 1715; x_wconf 79' lang='lat' dir='ltr'><strong>nl</strong></span> 
     </span>
     <span class='ocr_line' id='line_1_16' title="bbox 166 1717 1346 1854; baseline 0.012 -14"><span class='ocrx_word' id='word_1_132' title='bbox 166 1717 532 1841; x_wconf 46' lang='lat' dir='ltr'><strong>iussitlussit·</strong></span> <span class='ocrx_word' id='word_1_133' title='bbox 550 1717 1015 1854; x_wconf 57' lang='lat' dir='ltr'><strong>tutationis}</strong></span> <span class='ocrx_word' id='word_1_134' title='bbox 1036 1728 1122 1848; x_wconf 62' lang='lat' dir='ltr'><strong>titi</strong></span> <span class='ocrx_word' id='word_1_135' title='bbox 1144 1731 1346 1852; x_wconf 48' lang='lat' dir='ltr'><strong>titula</strong></span> 
     </span>
     <span class='ocr_line' id='line_1_17' title="bbox 165 1804 1342 1924; baseline 0.013 -16"><span class='ocrx_word' id='word_1_136' title='bbox 165 1804 279 1922; x_wconf 58' lang='lat' dir='ltr'><strong>egellis,</strong></span> <span class='ocrx_word' id='word_1_137' title='bbox 298 1870 358 1908; x_wconf 90' lang='lat' dir='ltr'><strong>curn</strong></span> <span class='ocrx_word' id='word_1_138' title='bbox 377 1854 470 1908; x_wconf 90' lang='lat' dir='ltr'><strong>statim</strong></span> <span class='ocrx_word' id='word_1_139' title='bbox 489 1854 618 1921; x_wconf 84' lang='lat' dir='ltr'><strong>sequatur</strong></span> <span class='ocrx_word' id='word_1_140' title='bbox 635 1854 763 1916; x_wconf 77' lang='lat' dir='ltr'><strong>laceram,</strong></span> <span class='ocrx_word' id='word_1_141' title='bbox 782 1854 853 1924; x_wconf 91' lang='lat' dir='ltr'><strong>quod</strong></span> <span class='ocrx_word' id='word_1_142' title='bbox 871 1871 923 1909; x_wconf 90' lang='lat' dir='ltr'><strong>nou</strong></span> <span class='ocrx_word' id='word_1_143' title='bbox 941 1833 1024 1911; x_wconf 68' lang='lat' dir='ltr'><strong>valde</strong></span> <span class='ocrx_word' id='word_1_144' title='bbox 1042 1860 1169 1918; x_wconf 85' lang='lat' dir='ltr'><strong>dill&#39;erat</strong></span> <span class='ocrx_word' id='word_1_145' title='bbox 1188 1881 1207 1919; x_wconf 86' lang='lat' dir='ltr'><strong>a</strong></span> <span class='ocrx_word' id='word_1_146' title='bbox 1224 1869 1342 1921; x_wconf 58' lang='lat' dir='ltr'><strong>imon</strong></span> 
     </span>
     <span class='ocr_line' id='line_1_18' title="bbox 165 1920 1342 1999; baseline 0.012 -23"><span class='ocrx_word' id='word_1_147' title='bbox 165 1923 235 1977; x_wconf 87' lang='lat' dir='ltr'><strong>coni.</strong></span> <span class='ocrx_word' id='word_1_148' title='bbox 257 1923 399 1989; x_wconf 79' lang='lat' dir='ltr'><strong>violatam,</strong></span> <span class='ocrx_word' id='word_1_149' title='bbox 432 1921 504 1990; x_wconf 92' lang='lat' dir='ltr'><strong>quod</strong></span> <span class='ocrx_word' id='word_1_150' title='bbox 533 1921 600 1993; x_wconf 86' lang='lat' dir='ltr'><strong>satis</strong></span> <span class='ocrx_word' id='word_1_151' title='bbox 621 1920 779 1990; x_wconf 80' lang='lat' dir='ltr'><strong>languidum</strong></span> <span class='ocrx_word' id='word_1_152' title='bbox 798 1927 877 1977; x_wconf 89' lang='lat' dir='ltr'><strong>esset.</strong></span> <span class='ocrx_word' id='word_1_153' title='bbox 913 1923 1016 1994; x_wconf 77' lang='lat' dir='ltr'><strong>Neque</strong></span> <span class='ocrx_word' id='word_1_154' title='bbox 1040 1943 1146 1984; x_wconf 87' lang='lat' dir='ltr'><strong>verum</strong></span> <span class='ocrx_word' id='word_1_155' title='bbox 1180 1940 1235 1999; x_wconf 89' lang='lat' dir='ltr'><strong>est,</strong></span> <span class='ocrx_word' id='word_1_156' title='bbox 1265 1941 1342 1988; x_wconf 68' lang='lat' dir='ltr'><strong>aba}</strong></span> 
     </span>
     <span class='ocr_line' id='line_1_19' title="bbox 165 1988 1342 2068; baseline 0.008 -24"><span class='ocrx_word' id='word_1_157' title='bbox 165 2007 217 2060; x_wconf 91' lang='lat' dir='ltr'><strong>que</strong></span> <span class='ocrx_word' id='word_1_158' title='bbox 242 2006 334 2045; x_wconf 84' lang='lat' dir='ltr'><strong>rocem</strong></span> <span class='ocrx_word' id='word_1_159' title='bbox 363 2005 415 2044; x_wconf 89' lang='lat' dir='ltr'><strong>nou</strong></span> <span class='ocrx_word' id='word_1_160' title='bbox 444 1988 522 2042; x_wconf 82' lang='lat' dir='ltr'><strong>ualde</strong></span> <span class='ocrx_word' id='word_1_161' title='bbox 546 1989 661 2056; x_wconf 82' lang='lat' dir='ltr'><strong>ditl&#39;erre,</strong></span> <span class='ocrx_word' id='word_1_162' title='bbox 692 1990 762 2068; x_wconf 86' lang='lat' dir='ltr'><strong>quod</strong></span> <span class='ocrx_word' id='word_1_163' title='bbox 781 1990 876 2044; x_wconf 89' lang='lat' dir='ltr'><strong>statim</strong></span> <span class='ocrx_word' id='word_1_164' title='bbox 894 1992 1061 2052; x_wconf 86' lang='lat' dir='ltr'><strong>videbimus.</strong></span> <span class='ocrx_word' id='word_1_165' title='bbox 1084 2025 1122 2036; x_wconf 86' lang='lat'><em>-</em></span> <span class='ocrx_word' id='word_1_166' title='bbox 1142 2002 1218 2054; x_wconf 75' lang='lat' dir='ltr'><strong>Dcc&#39;</strong></span> <span class='ocrx_word' id='word_1_167' title='bbox 1248 2004 1342 2056; x_wconf 75' lang='lat' dir='ltr'><strong>tolca</strong></span> 
     </span>
     <span class='ocr_line' id='line_1_20' title="bbox 165 2056 1341 2139; baseline 0.009 -28"><span class='ocrx_word' id='word_1_168' title='bbox 165 2058 218 2112; x_wconf 91' lang='lat' dir='ltr'><strong>iam</strong></span> <span class='ocrx_word' id='word_1_169' title='bbox 241 2059 279 2122; x_wconf 90' lang='grc' dir='ltr'><strong>Π,</strong></span> <span class='ocrx_word' id='word_1_170' title='bbox 306 2061 364 2112; x_wconf 84' lang='grc'><strong>310.</strong></span> <span class='ocrx_word' id='word_1_171' title='bbox 387 2059 625 2111; x_wconf 88' lang='lat' dir='ltr'><strong>commemoratum</strong></span> <span class='ocrx_word' id='word_1_172' title='bbox 647 2056 772 2121; x_wconf 75' lang='lat' dir='ltr'><strong>vidimus,</strong></span> <span class='ocrx_word' id='word_1_173' title='bbox 800 2058 847 2111; x_wconf 93' lang='lat' dir='ltr'><strong>ubi</strong></span> <span class='ocrx_word' id='word_1_174' title='bbox 874 2059 926 2113; x_wconf 84' lang='lat' dir='ltr'><strong>rid.</strong></span> <span class='ocrx_word' id='word_1_175' title='bbox 953 2060 1067 2117; x_wconf 90' lang='lat' dir='ltr'><strong>aduott.</strong></span> <span class='ocrx_word' id='word_1_176' title='bbox 1115 2068 1212 2139; x_wconf 87' lang='lat' dir='ltr'><strong>„Deip</strong></span> <span class='ocrx_word' id='word_1_177' title='bbox 1234 2071 1341 2125; x_wconf 83' lang='lat' dir='ltr'><strong>obumir</strong></span> 
     </span>
     <span class='ocr_line' id='line_1_21' title="bbox 165 2123 1341 2218; baseline 0.007 -40"><span class='ocrx_word' id='word_1_178' title='bbox 165 2127 281 2181; x_wconf 86' lang='lat' dir='ltr'><strong>Helenae</strong></span> <span class='ocrx_word' id='word_1_179' title='bbox 305 2124 425 2203; x_wconf 76' lang='lat' dir='ltr'><strong>thalamo</strong></span> <span class='ocrx_word' id='word_1_180' title='bbox 443 2139 460 2176; x_wconf 92' lang='lat' dir='ltr'><strong>a</strong></span> <span class='ocrx_word' id='word_1_181' title='bbox 476 2123 599 2176; x_wconf 82' lang='lat' dir='ltr'><strong>Menelao</strong></span> <span class='ocrx_word' id='word_1_182' title='bbox 618 2139 775 2218; x_wconf 85' lang='lat' dir='ltr'><strong>oppressum</strong></span> <span class='ocrx_word' id='word_1_183' title='bbox 798 2127 880 2206; x_wconf 84' lang='lat' dir='ltr'><strong>ctiam</strong></span> <span class='ocrx_word' id='word_1_184' title='bbox 903 2127 964 2208; x_wconf 79' lang='lat' dir='ltr'><strong>vide</strong></span> <span class='ocrx_word' id='word_1_185' title='bbox 986 2145 1031 2198; x_wconf 90' lang='lat' dir='ltr'><strong>ap.</strong></span> <span class='ocrx_word' id='word_1_186' title='bbox 1053 2132 1203 2215; x_wconf 69' lang='lat' dir='ltr'><strong>Quintum</strong></span> <span class='ocrx_word' id='word_1_187' title='bbox 1221 2139 1292 2201; x_wconf 85' lang='lat' dir='ltr'><strong>Xffl,</strong></span> <span class='ocrx_word' id='word_1_188' title='bbox 1307 2142 1341 2190; x_wconf 72' lang='lat' dir='ltr'><strong>iti</strong></span> 
     </span>
     <span class='ocr_line' id='line_1_22' title="bbox 163 2191 1339 2338; baseline 0.016 -26"><span class='ocrx_word' id='word_1_189' title='bbox 163 2193 442 2313; x_wconf 45' lang='lat' dir='ltr'><strong>l’lulsifflsllitelmrtcymn</strong></span> <span class='ocrx_word' id='word_1_190' title='bbox 471 2191 566 2310; x_wconf 53' lang='lat' dir='ltr'><strong>lauit</strong></span> <span class='ocrx_word' id='word_1_191' title='bbox 582 2192 673 2338; x_wconf 64' lang='lat' dir='ltr'><strong>altilia</strong></span> <span class='ocrx_word' id='word_1_192' title='bbox 695 2192 795 2314; x_wconf 51' lang='lat' dir='ltr'><strong>&#39;illicitil</strong></span> <span class='ocrx_word' id='word_1_193' title='bbox 814 2193 1014 2332; x_wconf 55' lang='lat' dir='ltr'><strong>sgqqqqeumpt</strong></span> <span class='ocrx_word' id='word_1_194' title='bbox 1030 2198 1214 2326; x_wconf 51' lang='lat' dir='ltr'><strong>&#39;leleyclilrlffillm</strong></span> <span class='ocrx_word' id='word_1_195' title='bbox 1225 2211 1339 2329; x_wconf 55' lang='lat' dir='ltr'><em>m</em></span> 
     </span>
     <span class='ocr_line' id='line_1_23' title="bbox 163 2323 1340 2403; baseline 0.012 -24"><span class='ocrx_word' id='word_1_196' title='bbox 163 2327 264 2395; x_wconf 78' lang='lat' dir='ltr'><strong>Pbryg.</strong></span> <span class='ocrx_word' id='word_1_197' title='bbox 284 2331 324 2381; x_wconf 80' lang='grc'><strong>28.</strong></span> <span class='ocrx_word' id='word_1_198' title='bbox 343 2325 498 2394; x_wconf 87' lang='lat' dir='ltr'><strong>Deiphobus</strong></span> <span class='ocrx_word' id='word_1_199' title='bbox 516 2323 583 2379; x_wconf 91' lang='lat' dir='ltr'><strong>adeo</strong></span> <span class='ocrx_word' id='word_1_200' title='bbox 601 2342 628 2378; x_wconf 90' lang='lat' dir='ltr'><strong>rn</strong></span> <span class='ocrx_word' id='word_1_201' title='bbox 649 2343 741 2394; x_wconf 87' lang='lat' dir='ltr'><strong>pugna</strong></span> <span class='ocrx_word' id='word_1_202' title='bbox 759 2343 776 2382; x_wconf 89' lang='lat' dir='ltr'><strong>a</strong></span> <span class='ocrx_word' id='word_1_203' title='bbox 792 2328 936 2383; x_wconf 82' lang='lat' dir='ltr'><strong>Palamede</strong></span> <span class='ocrx_word' id='word_1_204' title='bbox 956 2333 1067 2387; x_wconf 86' lang='lat' dir='ltr'><strong>occisae</strong></span> <span class='ocrx_word' id='word_1_205' title='bbox 1091 2342 1150 2393; x_wconf 88' lang='lat' dir='ltr'><strong>est.</strong></span> <span class='ocrx_word' id='word_1_206' title='bbox 1171 2371 1208 2378; x_wconf 90' lang='lat'><em>-</em></span> <span class='ocrx_word' id='word_1_207' title='bbox 1227 2343 1287 2403; x_wconf 70' lang='lat'><strong>495.</strong></span> <span class='ocrx_word' id='word_1_208' title='bbox 1302 2344 1340 2396; x_wconf 88' lang='lat' dir='ltr'><strong>lo·</strong></span> 
     </span>
     <span class='ocr_line' id='line_1_24' title="bbox 164 2393 1338 2471; baseline 0.016 -24"><span class='ocrx_word' id='word_1_209' title='bbox 164 2411 281 2448; x_wconf 81' lang='lat' dir='ltr'><strong>ceram</strong></span> <span class='ocrx_word' id='word_1_210' title='bbox 298 2412 358 2448; x_wconf 82' lang='lat' dir='ltr'><strong>ora</strong></span> <span class='ocrx_word' id='word_1_211' title='bbox 376 2393 468 2462; x_wconf 77' lang='lat' dir='ltr'><strong>(labia,</strong></span> <span class='ocrx_word' id='word_1_212' title='bbox 487 2409 591 2456; x_wconf 88' lang='lat' dir='ltr'><strong>nasum,</strong></span> <span class='ocrx_word' id='word_1_213' title='bbox 610 2406 709 2460; x_wconf 74' lang='lat' dir='ltr'><strong>aures).</strong></span> <span class='ocrx_word' id='word_1_214' title='bbox 743 2395 885 2451; x_wconf 88' lang='lat' dir='ltr'><strong>Putabant</strong></span> <span class='ocrx_word' id='word_1_215' title='bbox 900 2400 970 2452; x_wconf 90' lang='lat' dir='ltr'><strong>caim</strong></span> <span class='ocrx_word' id='word_1_216' title='bbox 989 2403 1115 2471; x_wconf 81' lang='lat' dir='ltr'><strong>veteres,</strong></span> <span class='ocrx_word' id='word_1_217' title='bbox 1135 2410 1254 2463; x_wconf 80' lang='lat' dir='ltr'><strong>umbras</strong></span> <span class='ocrx_word' id='word_1_218' title='bbox 1269 2410 1338 2463; x_wconf 76' lang='lat' dir='ltr'><strong>eade·</strong></span> 
     </span>
     <span class='ocr_line' id='line_1_25' title="bbox 163 2461 1337 2542; baseline 0.015 -27"><span class='ocrx_word' id='word_1_219' title='bbox 163 2463 250 2530; x_wconf 89' lang='lat' dir='ltr'><strong>specie</strong></span> <span class='ocrx_word' id='word_1_220' title='bbox 282 2463 310 2516; x_wconf 91' lang='lat' dir='ltr'><strong>ia</strong></span> <span class='ocrx_word' id='word_1_221' title='bbox 328 2463 426 2516; x_wconf 88' lang='lat' dir='ltr'><strong>Orcum</strong></span> <span class='ocrx_word' id='word_1_222' title='bbox 457 2461 625 2524; x_wconf 87' lang='lat' dir='ltr'><strong>descendere,</strong></span> <span class='ocrx_word' id='word_1_223' title='bbox 657 2478 710 2532; x_wconf 86' lang='lat' dir='ltr'><strong>qua</strong></span> <span class='ocrx_word' id='word_1_224' title='bbox 740 2464 842 2517; x_wconf 82' lang='lat' dir='ltr'><strong>merint</strong></span> <span class='ocrx_word' id='word_1_225' title='bbox 870 2481 901 2519; x_wconf 89' lang='lat' dir='ltr'><strong>cr</strong></span> <span class='ocrx_word' id='word_1_226' title='bbox 919 2467 975 2520; x_wconf 84' lang='lat' dir='ltr'><strong>vite</strong></span> <span class='ocrx_word' id='word_1_227' title='bbox 993 2468 1194 2542; x_wconf 82' lang='lat' dir='ltr'><strong>discedentes,</strong></span> <span class='ocrx_word' id='word_1_228' title='bbox 1230 2478 1272 2532; x_wconf 81' lang='lat' dir='ltr'><strong>Oi.</strong></span> <span class='ocrx_word' id='word_1_229' title='bbox 1287 2478 1337 2530; x_wconf 86' lang='lat' dir='ltr'><strong>Pbt</strong></span> 
     </span>
     <span class='ocr_line' id='line_1_26' title="bbox 162 2529 1336 2613; baseline 0.014 -29"><span class='ocrx_word' id='word_1_230' title='bbox 162 2532 217 2585; x_wconf 77' lang='lat' dir='ltr'><strong>(lor</strong></span> <span class='ocrx_word' id='word_1_231' title='bbox 238 2570 244 2583; x_wconf 94' lang='lat'><em>.</em></span> <span class='ocrx_word' id='word_1_232' title='bbox 263 2546 290 2600; x_wconf 86' lang='lat' dir='ltr'><strong>p.</strong></span> <span class='ocrx_word' id='word_1_233' title='bbox 310 2535 368 2585; x_wconf 78' lang='lat'>524.</span> <span class='ocrx_word' id='word_1_234' title='bbox 386 2530 416 2585; x_wconf 86' lang='lat' dir='ltr'><strong>C.</strong></span> <span class='ocrx_word' id='word_1_235' title='bbox 437 2529 468 2583; x_wconf 90' lang='lat' dir='ltr'><strong>D.</strong></span> <span class='ocrx_word' id='word_1_236' title='bbox 488 2529 564 2584; x_wconf 81' lang='lat' dir='ltr'><strong>Ouid.</strong></span> <span class='ocrx_word' id='word_1_237' title='bbox 583 2529 648 2582; x_wconf 86' lang='lat' dir='ltr'><strong>hiet.</strong></span> <span class='ocrx_word' id='word_1_238' title='bbox 666 2530 713 2597; x_wconf 82' lang='lat' dir='ltr'><strong>Xl,</strong></span> <span class='ocrx_word' id='word_1_239' title='bbox 725 2533 774 2583; x_wconf 76' lang='lat'><strong>655</strong></span> <span class='ocrx_word' id='word_1_240' title='bbox 784 2548 824 2601; x_wconf 91' lang='lat' dir='ltr'><strong>sq.</strong></span> <span class='ocrx_word' id='word_1_241' title='bbox 836 2533 914 2601; x_wconf 89' lang='lat' dir='ltr'><strong>Prop.</strong></span> <span class='ocrx_word' id='word_1_242' title='bbox 925 2534 957 2597; x_wconf 86' lang='lat' dir='ltr'><strong>V,</strong></span> <span class='ocrx_word' id='word_1_243' title='bbox 968 2535 1042 2604; x_wconf 45' lang='grc' dir='ltr'><strong>(Νὴ</strong></span> <span class='ocrx_word' id='word_1_244' title='bbox 1057 2542 1088 2602; x_wconf 83' lang='grc'><strong>7,·</strong></span> <span class='ocrx_word' id='word_1_245' title='bbox 1100 2546 1116 2594; x_wconf 85' lang='grc'><strong>7</strong></span> <span class='ocrx_word' id='word_1_246' title='bbox 1128 2559 1194 2613; x_wconf 92' lang='lat' dir='ltr'><strong>sqq.</strong></span> <span class='ocrx_word' id='word_1_247' title='bbox 1214 2544 1336 2599; x_wconf 70' lang='lat' dir='ltr'><strong>liitsetcrl</strong></span> 
     </span>
     <span class='ocr_line' id='line_1_27' title="bbox 161 2548 1337 2672; baseline 0.014 -22"><span class='ocrx_word' id='word_1_248' title='bbox 161 2598 197 2653; x_wconf 89' lang='lat' dir='ltr'><strong>ad</strong></span> <span class='ocrx_word' id='word_1_249' title='bbox 214 2548 280 2651; x_wconf 60' lang='lat' dir='ltr'><strong>fior.</strong></span> <span class='ocrx_word' id='word_1_250' title='bbox 299 2597 350 2652; x_wconf 88' lang='lat' dir='ltr'><strong>Od.</strong></span> <span class='ocrx_word' id='word_1_251' title='bbox 367 2598 389 2665; x_wconf 88' lang='lat' dir='ltr'><strong>i,</strong></span> <span class='ocrx_word' id='word_1_252' title='bbox 409 2600 449 2661; x_wconf 78' lang='lat'><strong>²4,</strong></span> <span class='ocrx_word' id='word_1_253' title='bbox 477 2600 516 2648; x_wconf 83' lang='lat'><strong>15.</strong></span> <span class='ocrx_word' id='word_1_254' title='bbox 536 2601 564 2649; x_wconf 93' lang='lat' dir='ltr'><strong>et</strong></span> <span class='ocrx_word' id='word_1_255' title='bbox 580 2612 647 2666; x_wconf 88' lang='lat' dir='ltr'><strong>ques</strong></span> <span class='ocrx_word' id='word_1_256' title='bbox 664 2596 760 2651; x_wconf 84' lang='lat' dir='ltr'><strong>laudat</strong></span> <span class='ocrx_word' id='word_1_257' title='bbox 778 2599 882 2654; x_wconf 88' lang='lat' dir='ltr'><strong>Dissen.</strong></span> <span class='ocrx_word' id='word_1_258' title='bbox 902 2601 936 2655; x_wconf 90' lang='lat' dir='ltr'><strong>ad</strong></span> <span class='ocrx_word' id='word_1_259' title='bbox 954 2602 1015 2659; x_wconf 83' lang='lat' dir='ltr'><strong>Tib.</strong></span> <span class='ocrx_word' id='word_1_260' title='bbox 1034 2604 1061 2671; x_wconf 91' lang='grc' dir='ltr'><strong>Ι,</strong></span> <span class='ocrx_word' id='word_1_261' title='bbox 1086 2612 1132 2672; x_wconf 81' lang='lat'><strong>1⁰,</strong></span> <span class='ocrx_word' id='word_1_262' title='bbox 1155 2619 1202 2666; x_wconf 73' lang='grc'><strong>31.</strong></span> <span class='ocrx_word' id='word_1_263' title='bbox 1239 2614 1279 2667; x_wconf 88' lang='lat' dir='ltr'><strong>De</strong></span> <span class='ocrx_word' id='word_1_264' title='bbox 1295 2628 1337 2666; x_wconf 66' lang='lat' dir='ltr'><strong>ore</strong></span> 
     </span>
     <span class='ocr_line' id='line_1_28' title="bbox 161 2664 1336 2747; baseline 0.01 -30"><span class='ocrx_word' id='word_1_265' title='bbox 161 2666 310 2720; x_wconf 85' lang='lat' dir='ltr'><strong>structione</strong></span> <span class='ocrx_word' id='word_1_266' title='bbox 336 2669 426 2719; x_wconf 87' lang='lat' dir='ltr'><strong>autem</strong></span> <span class='ocrx_word' id='word_1_267' title='bbox 446 2664 480 2718; x_wconf 84' lang='lat' dir='ltr'><strong>ci.</strong></span> <span class='ocrx_word' id='word_1_268' title='bbox 500 2664 604 2718; x_wconf 85' lang='lat' dir='ltr'><strong>adirott.</strong></span> <span class='ocrx_word' id='word_1_269' title='bbox 622 2665 656 2717; x_wconf 89' lang='lat' dir='ltr'><strong>ad</strong></span> <span class='ocrx_word' id='word_1_270' title='bbox 677 2665 734 2719; x_wconf 84' lang='lat' dir='ltr'><strong>llcl.</strong></span> <span class='ocrx_word' id='word_1_271' title='bbox 753 2666 776 2733; x_wconf 89' lang='grc' dir='ltr'><strong>Ι,</strong></span> <span class='ocrx_word' id='word_1_272' title='bbox 798 2671 838 2724; x_wconf 80' lang='grc'><strong>54.</strong></span> <span class='ocrx_word' id='word_1_273' title='bbox 874 2669 999 2723; x_wconf 83' lang='lat' dir='ltr'><strong>Ceterum</strong></span> <span class='ocrx_word' id='word_1_274' title='bbox 1020 2688 1073 2740; x_wconf 90' lang='lat' dir='ltr'><strong>pro</strong></span> <span class='ocrx_word' id='word_1_275' title='bbox 1094 2678 1178 2747; x_wconf 74' lang='lat' dir='ltr'><strong>vulg,</strong></span> <span class='ocrx_word' id='word_1_276' title='bbox 1198 2682 1270 2733; x_wconf 64' lang='lat' dir='ltr'><strong>vidie</strong></span> <span class='ocrx_word' id='word_1_277' title='bbox 1284 2683 1336 2735; x_wconf 68' lang='lat' dir='ltr'><strong>laec</strong></span> 
     </span>
     <span class='ocr_line' id='line_1_29' title="bbox 159 2732 1334 2817; baseline 0.018 -33"><span class='ocrx_word' id='word_1_278' title='bbox 159 2751 220 2786; x_wconf 78' lang='lat' dir='ltr'><strong>mm</strong></span> <span class='ocrx_word' id='word_1_279' title='bbox 238 2733 345 2800; x_wconf 70' lang='lat' dir='ltr'><strong>Wagu,</strong></span> <span class='ocrx_word' id='word_1_280' title='bbox 373 2749 452 2802; x_wconf 88' lang='lat' dir='ltr'><strong>quem</strong></span> <span class='ocrx_word' id='word_1_281' title='bbox 470 2733 557 2785; x_wconf 88' lang='lat' dir='ltr'><strong>secuti</strong></span> <span class='ocrx_word' id='word_1_282' title='bbox 575 2747 677 2800; x_wconf 88' lang='lat' dir='ltr'><strong>sumus,</strong></span> <span class='ocrx_word' id='word_1_283' title='bbox 705 2732 792 2786; x_wconf 86' lang='lat' dir='ltr'><strong>edidit</strong></span> <span class='ocrx_word' id='word_1_284' title='bbox 808 2737 882 2790; x_wconf 64' lang='lat' dir='ltr'><strong>orda</strong></span> <span class='ocrx_word' id='word_1_285' title='bbox 898 2745 924 2789; x_wconf 81' lang='lat' dir='ltr'><strong>ct</strong></span> <span class='ocrx_word' id='word_1_286' title='bbox 940 2738 1078 2817; x_wconf 64' lang='lat' dir='ltr'><strong>macrum</strong></span> <span class='ocrx_word' id='word_1_287' title='bbox 1118 2745 1261 2801; x_wconf 84' lang='lat' dir='ltr'><strong>Praesens</strong></span> <span class='ocrx_word' id='word_1_288' title='bbox 1276 2749 1334 2811; x_wconf 73' lang='lat' dir='ltr'><strong>niu,</strong></span> 
     </span>
     <span class='ocr_line' id='line_1_30' title="bbox 161 2799 1335 2952; baseline 0.017 -31"><span class='ocrx_word' id='word_1_289' title='bbox 161 2799 524 2939; x_wconf 65' lang='lat' dir='ltr'><strong>illiditliltlttt</strong></span> <span class='ocrx_word' id='word_1_290' title='bbox 538 2799 917 2947; x_wconf 61' lang='lat' dir='ltr'><strong>lli-issiliallltnlll·</strong></span> <span class='ocrx_word' id='word_1_291' title='bbox 931 2805 1335 2952; x_wconf 57' lang='lat' dir='ltr'><strong>tittmtttmlltlt</strong></span> 
     </span>
     <span class='ocr_line' id='line_1_31' title="bbox 159 2935 1334 3006; baseline 0.013 -16"><span class='ocrx_word' id='word_1_292' title='bbox 159 2937 252 3003; x_wconf 78' lang='lat' dir='ltr'><strong>Codd,</strong></span> <span class='ocrx_word' id='word_1_293' title='bbox 273 2938 343 2990; x_wconf 89' lang='lat' dir='ltr'><strong>inter</strong></span> <span class='ocrx_word' id='word_1_294' title='bbox 361 2953 427 3006; x_wconf 88' lang='lat' dir='ltr'><strong>quos</strong></span> <span class='ocrx_word' id='word_1_295' title='bbox 444 2936 516 2990; x_wconf 81' lang='lat' dir='ltr'><strong>hied.</strong></span> <span class='ocrx_word' id='word_1_296' title='bbox 533 2942 588 3002; x_wconf 87' lang='lat' dir='ltr'><strong>(cur</strong></span> <span class='ocrx_word' id='word_1_297' title='bbox 605 2935 717 3004; x_wconf 79' lang='lat' dir='ltr'><strong>Foggm.</strong></span> <span class='ocrx_word' id='word_1_298' title='bbox 736 2936 900 3004; x_wconf 84' lang='lat' dir='ltr'><strong>Perfectum,</strong></span> <span class='ocrx_word' id='word_1_299' title='bbox 924 2939 970 2993; x_wconf 87' lang='lat' dir='ltr'><strong>alii</strong></span> <span class='ocrx_word' id='word_1_300' title='bbox 987 2949 1088 2998; x_wconf 89' lang='lat' dir='ltr'><strong>autem</strong></span> <span class='ocrx_word' id='word_1_301' title='bbox 1110 2948 1253 3006; x_wconf 67' lang='lat' dir='ltr'><strong>hossana</strong></span> <span class='ocrx_word' id='word_1_302' title='bbox 1269 2951 1334 3006; x_wconf 80' lang='lat' dir='ltr'><strong>visti</strong></span> 
     </span>
     <span class='ocr_line' id='line_1_32' title="bbox 160 3004 1334 3074; baseline 0.008 -16"><span class='ocrx_word' id='word_1_303' title='bbox 160 3008 244 3072; x_wconf 88' lang='lat' dir='ltr'><strong>cant),</strong></span> <span class='ocrx_word' id='word_1_304' title='bbox 263 3005 418 3068; x_wconf 79' lang='lat' dir='ltr'><strong>exhibitam,</strong></span> <span class='ocrx_word' id='word_1_305' title='bbox 436 3004 463 3057; x_wconf 89' lang='lat' dir='ltr'><strong>iu</strong></span> <span class='ocrx_word' id='word_1_306' title='bbox 483 3004 545 3056; x_wconf 89' lang='lat' dir='ltr'><strong>aliis</strong></span> <span class='ocrx_word' id='word_1_307' title='bbox 562 3018 623 3055; x_wconf 83' lang='lat' dir='ltr'><strong>uero</strong></span> <span class='ocrx_word' id='word_1_308' title='bbox 643 3005 729 3071; x_wconf 91' lang='lat' dir='ltr'><strong>spatio</strong></span> <span class='ocrx_word' id='word_1_309' title='bbox 749 3005 843 3060; x_wconf 86' lang='lat' dir='ltr'><strong>relicto</strong></span> <span class='ocrx_word' id='word_1_310' title='bbox 859 3007 1017 3072; x_wconf 89' lang='lat' dir='ltr'><strong>indicatam,</strong></span> <span class='ocrx_word' id='word_1_311' title='bbox 1062 3028 1134 3069; x_wconf 84' lang='lat' dir='ltr'><strong>uam</strong></span> <span class='ocrx_word' id='word_1_312' title='bbox 1155 3020 1288 3074; x_wconf 61' lang='lat' dir='ltr'><strong>facillimo</strong></span> <span class='ocrx_word' id='word_1_313' title='bbox 1300 3020 1334 3073; x_wconf 67' lang='lat' dir='ltr'><strong>st</strong></span> 
     </span>
     <span class='ocr_line' id='line_1_33' title="bbox 158 3070 1332 3144; baseline 0.009 -17"><span class='ocrx_word' id='word_1_314' title='bbox 158 3074 265 3127; x_wconf 90' lang='lat' dir='ltr'><strong>sorbere</strong></span> <span class='ocrx_word' id='word_1_315' title='bbox 292 3074 382 3143; x_wconf 88' lang='lat' dir='ltr'><strong>potuit</strong></span> <span class='ocrx_word' id='word_1_316' title='bbox 412 3071 571 3126; x_wconf 82' lang='lat' dir='ltr'><strong>antecedens</strong></span> <span class='ocrx_word' id='word_1_317' title='bbox 605 3070 711 3139; x_wconf 78' lang='lat' dir='ltr'><strong>syllaba</strong></span> <span class='ocrx_word' id='word_1_318' title='bbox 746 3074 819 3127; x_wconf 80' lang='lat' dir='ltr'><strong>uerbi</strong></span> <span class='ocrx_word' id='word_1_319' title='bbox 847 3076 925 3129; x_wconf 78' lang='lat' dir='ltr'><strong>oidct</strong></span> <span class='ocrx_word' id='word_1_320' title='bbox 959 3079 1010 3144; x_wconf 73' lang='lat' dir='ltr'><strong>tei.</strong></span> <span class='ocrx_word' id='word_1_321' title='bbox 1076 3084 1197 3142; x_wconf 75' lang='lat' dir='ltr'><strong>mkeub.</strong></span> <span class='ocrx_word' id='word_1_322' title='bbox 1236 3089 1270 3142; x_wconf 84' lang='lat' dir='ltr'><strong>ad</strong></span> <span class='ocrx_word' id='word_1_323' title='bbox 1293 3088 1332 3141; x_wconf 83' lang='lat' dir='ltr'><strong>iir.</strong></span> 
     </span>
     <span class='ocr_line' id='line_1_34' title="bbox 157 3136 1332 3212; baseline 0.014 -21"><span class='ocrx_word' id='word_1_324' title='bbox 157 3140 281 3206; x_wconf 82' lang='lat' dir='ltr'><strong>XXXVI,</strong></span> <span class='ocrx_word' id='word_1_325' title='bbox 305 3146 347 3195; x_wconf 81' lang='lat'><strong>41.</strong></span> <span class='ocrx_word' id='word_1_326' title='bbox 367 3156 383 3194; x_wconf 89' lang='lat' dir='ltr'><strong>a</strong></span> <span class='ocrx_word' id='word_1_327' title='bbox 400 3140 496 3208; x_wconf 82' lang='lat' dir='ltr'><strong>Wagn.</strong></span> <span class='ocrx_word' id='word_1_328' title='bbox 520 3136 613 3204; x_wconf 74' lang='lat' dir='ltr'><strong>incid),</strong></span> <span class='ocrx_word' id='word_1_329' title='bbox 645 3138 731 3192; x_wconf 90' lang='lat' dir='ltr'><strong>eidem</strong></span> <span class='ocrx_word' id='word_1_330' title='bbox 750 3140 804 3194; x_wconf 85' lang='lat' dir='ltr'><strong>viro</strong></span> <span class='ocrx_word' id='word_1_331' title='bbox 823 3140 902 3196; x_wconf 85' lang='lat' dir='ltr'><strong>docto</strong></span> <span class='ocrx_word' id='word_1_332' title='bbox 920 3142 1046 3212; x_wconf 76' lang='lat' dir='ltr'><strong>flagitare</strong></span> <span class='ocrx_word' id='word_1_333' title='bbox 1065 3151 1187 3207; x_wconf 81' lang='lat' dir='ltr'><strong>videtur</strong></span> <span class='ocrx_word' id='word_1_334' title='bbox 1203 3172 1269 3210; x_wconf 89' lang='lat' dir='ltr'><strong>usus</strong></span> <span class='ocrx_word' id='word_1_335' title='bbox 1285 3156 1332 3208; x_wconf 79' lang='lat' dir='ltr'><strong>lsi·</strong></span> 
     </span>
     <span class='ocr_line' id='line_1_35' title="bbox 156 3205 1332 3293; baseline 0.014 -33"><span class='ocrx_word' id='word_1_336' title='bbox 156 3209 282 3277; x_wconf 75' lang='lat' dir='ltr'><strong>gdianua</strong></span> <span class='ocrx_word' id='word_1_337' title='bbox 300 3209 328 3262; x_wconf 91' lang='lat' dir='ltr'><strong>in</strong></span> <span class='ocrx_word' id='word_1_338' title='bbox 345 3207 475 3262; x_wconf 86' lang='lat' dir='ltr'><strong>eiusmodi</strong></span> <span class='ocrx_word' id='word_1_339' title='bbox 492 3205 638 3275; x_wconf 81' lang='lat' dir='ltr'><strong>epexegesi,</strong></span> <span class='ocrx_word' id='word_1_340' title='bbox 666 3207 712 3259; x_wconf 88' lang='lat' dir='ltr'><strong>ubi</strong></span> <span class='ocrx_word' id='word_1_341' title='bbox 741 3224 838 3276; x_wconf 81' lang='lat' dir='ltr'><strong>genere</strong></span> <span class='ocrx_word' id='word_1_342' title='bbox 860 3211 887 3264; x_wconf 88' lang='lat' dir='ltr'><strong>iu</strong></span> <span class='ocrx_word' id='word_1_343' title='bbox 912 3213 1072 3268; x_wconf 86' lang='lat' dir='ltr'><strong>universum</strong></span> <span class='ocrx_word' id='word_1_344' title='bbox 1107 3221 1207 3287; x_wconf 89' lang='lat' dir='ltr'><strong>posito</strong></span> <span class='ocrx_word' id='word_1_345' title='bbox 1231 3223 1332 3293; x_wconf 76' lang='lat' dir='ltr'><strong>singular</strong></span> 
     </span>
     <span class='ocr_line' id='line_1_36' title="bbox 156 3273 1330 3352; baseline 0.013 -22"><span class='ocrx_word' id='word_1_346' title='bbox 156 3280 248 3343; x_wconf 86' lang='lat' dir='ltr'><strong>partes</strong></span> <span class='ocrx_word' id='word_1_347' title='bbox 265 3277 416 3330; x_wconf 88' lang='lat' dir='ltr'><strong>accuratius</strong></span> <span class='ocrx_word' id='word_1_348' title='bbox 433 3273 593 3337; x_wconf 86' lang='lat' dir='ltr'><strong>indicentur,</strong></span> <span class='ocrx_word' id='word_1_349' title='bbox 624 3273 755 3343; x_wconf 79' lang='lat' dir='ltr'><strong>(lopulam</strong></span> <span class='ocrx_word' id='word_1_350' title='bbox 773 3293 825 3329; x_wconf 90' lang='lat' dir='ltr'><strong>non</strong></span> <span class='ocrx_word' id='word_1_351' title='bbox 843 3277 921 3332; x_wconf 81' lang='lat' dir='ltr'><strong>facile</strong></span> <span class='ocrx_word' id='word_1_352' title='bbox 940 3280 1074 3336; x_wconf 89' lang='lat' dir='ltr'><strong>omittens</strong></span> <span class='ocrx_word' id='word_1_353' title='bbox 1095 3288 1169 3352; x_wconf 78' lang='lat' dir='ltr'><strong>(vid.</strong></span> <span class='ocrx_word' id='word_1_354' title='bbox 1191 3289 1330 3347; x_wconf 83' lang='lat' dir='ltr'><strong>adnottrl</strong></span> 
     </span>
     <span class='ocr_line' id='line_1_37' title="bbox 156 3341 1330 3430; baseline 0.014 -33"><span class='ocrx_word' id='word_1_355' title='bbox 156 3343 220 3398; x_wconf 82' lang='lat' dir='ltr'><strong>(leo.</strong></span> <span class='ocrx_word' id='word_1_356' title='bbox 238 3344 260 3407; x_wconf 89' lang='lat'><strong>1,</strong></span> <span class='ocrx_word' id='word_1_357' title='bbox 280 3346 338 3400; x_wconf 75' lang='lat'><strong>498.</strong></span> <span class='ocrx_word' id='word_1_358' title='bbox 358 3347 387 3398; x_wconf 88' lang='lat' dir='ltr'><strong>ct</strong></span> <span class='ocrx_word' id='word_1_359' title='bbox 404 3343 494 3409; x_wconf 87' lang='lat' dir='ltr'><strong>alibi);</strong></span> <span class='ocrx_word' id='word_1_360' title='bbox 514 3341 557 3394; x_wconf 90' lang='lat' dir='ltr'><strong>cui</strong></span> <span class='ocrx_word' id='word_1_361' title='bbox 575 3344 667 3395; x_wconf 88' lang='lat' dir='ltr'><strong>tamen</strong></span> <span class='ocrx_word' id='word_1_362' title='bbox 684 3358 781 3397; x_wconf 87' lang='lat' dir='ltr'><strong>causae</strong></span> <span class='ocrx_word' id='word_1_363' title='bbox 800 3345 828 3397; x_wconf 91' lang='lat' dir='ltr'><strong>in</strong></span> <span class='ocrx_word' id='word_1_364' title='bbox 845 3345 941 3402; x_wconf 86' lang='lat' dir='ltr'><strong>Philol.</strong></span> <span class='ocrx_word' id='word_1_365' title='bbox 960 3347 1055 3417; x_wconf 84' lang='lat' dir='ltr'><strong>Suppl.</strong></span> <span class='ocrx_word' id='word_1_366' title='bbox 1078 3353 1104 3407; x_wconf 91' lang='lat'><strong>1.</strong></span> <span class='ocrx_word' id='word_1_367' title='bbox 1125 3372 1153 3424; x_wconf 84' lang='lat' dir='ltr'><strong>p,</strong></span> <span class='ocrx_word' id='word_1_368' title='bbox 1176 3362 1240 3412; x_wconf 83' lang='grc'><strong>346.</strong></span> <span class='ocrx_word' id='word_1_369' title='bbox 1259 3359 1330 3430; x_wconf 78' lang='lat' dir='ltr'><strong>potire</strong></span> 
     </span>
     <span class='ocr_line' id='line_1_38' title="bbox 155 3409 1330 3489; baseline 0.009 -24"><span class='ocrx_word' id='word_1_370' title='bbox 155 3410 224 3466; x_wconf 86' lang='lat' dir='ltr'><strong>banc</strong></span> <span class='ocrx_word' id='word_1_371' title='bbox 241 3413 381 3466; x_wconf 81' lang='lat' dir='ltr'><strong>rectimem</strong></span> <span class='ocrx_word' id='word_1_372' title='bbox 398 3410 555 3465; x_wconf 88' lang='lat' dir='ltr'><strong>substituit:</strong></span> <span class='ocrx_word' id='word_1_373' title='bbox 588 3425 649 3462; x_wconf 90' lang='lat' dir='ltr'><strong>cum</strong></span> <span class='ocrx_word' id='word_1_374' title='bbox 666 3409 788 3464; x_wconf 68' lang='lat' dir='ltr'><strong>marones</strong></span> <span class='ocrx_word' id='word_1_375' title='bbox 806 3416 936 3480; x_wconf 70' lang='lat' dir='ltr'><strong>(zcrsctet,</strong></span> <span class='ocrx_word' id='word_1_376' title='bbox 956 3416 1006 3468; x_wconf 80' lang='lat' dir='ltr'><strong>mit</strong></span> <span class='ocrx_word' id='word_1_377' title='bbox 1023 3418 1197 3489; x_wconf 63' lang='lat' dir='ltr'><strong>tlaffmden</strong></span> <span class='ocrx_word' id='word_1_378' title='bbox 1216 3428 1330 3489; x_wconf 49' lang='grc' dir='ltr'><strong>ινφ)</strong></span> 
     </span>
     <span class='ocr_line' id='line_1_39' title="bbox 155 3476 1329 3563; baseline 0.013 -30"><span class='ocrx_word' id='word_1_379' title='bbox 155 3482 184 3533; x_wconf 90' lang='lat' dir='ltr'><strong>et</strong></span> <span class='ocrx_word' id='word_1_380' title='bbox 208 3480 286 3534; x_wconf 83' lang='lat' dir='ltr'><strong>lacer</strong></span> <span class='ocrx_word' id='word_1_381' title='bbox 307 3478 508 3547; x_wconf 67' lang='lat' dir='ltr'><strong>(vascommeu)</strong></span> <span class='ocrx_word' id='word_1_382' title='bbox 530 3480 622 3546; x_wconf 87' lang='lat' dir='ltr'><strong>aperte</strong></span> <span class='ocrx_word' id='word_1_383' title='bbox 645 3476 772 3532; x_wconf 83' lang='lat' dir='ltr'><strong>differant</strong></span> <span class='ocrx_word' id='word_1_384' title='bbox 789 3495 874 3550; x_wconf 89' lang='lat' dir='ltr'><strong>neque</strong></span> <span class='ocrx_word' id='word_1_385' title='bbox 892 3483 973 3536; x_wconf 85' lang='lat' dir='ltr'><strong>uerba</strong></span> <span class='ocrx_word' id='word_1_386' title='bbox 990 3484 1123 3542; x_wconf 62' lang='lat' dir='ltr'><strong>wewam</strong></span> <span class='ocrx_word' id='word_1_387' title='bbox 1140 3510 1201 3546; x_wconf 80' lang='lat' dir='ltr'><strong>oro</strong></span> <span class='ocrx_word' id='word_1_388' title='bbox 1218 3499 1269 3549; x_wconf 82' lang='lat' dir='ltr'><strong>etc.</strong></span> <span class='ocrx_word' id='word_1_389' title='bbox 1285 3510 1329 3563; x_wconf 70' lang='lat' dir='ltr'><strong>cpe</strong></span> 
     </span>
     <span class='ocr_line' id='line_1_40' title="bbox 155 3545 1329 3617; baseline 0.018 -19"><span class='ocrx_word' id='word_1_390' title='bbox 155 3547 260 3615; x_wconf 80' lang='lat' dir='ltr'><strong>regesis</strong></span> <span class='ocrx_word' id='word_1_391' title='bbox 278 3547 356 3600; x_wconf 89' lang='lat' dir='ltr'><strong>modo</strong></span> <span class='ocrx_word' id='word_1_392' title='bbox 376 3560 593 3615; x_wconf 84' lang='lat' dir='ltr'><strong>praegressoruru</strong></span> <span class='ocrx_word' id='word_1_393' title='bbox 611 3545 675 3608; x_wconf 86' lang='lat' dir='ltr'><strong>sint,</strong></span> <span class='ocrx_word' id='word_1_394' title='bbox 693 3547 776 3600; x_wconf 91' lang='lat' dir='ltr'><strong>immo</strong></span> <span class='ocrx_word' id='word_1_395' title='bbox 793 3552 873 3617; x_wconf 65' lang='lat' dir='ltr'><strong>potita</strong></span> <span class='ocrx_word' id='word_1_396' title='bbox 890 3549 971 3614; x_wconf 89' lang='lat' dir='ltr'><strong>dicat,</strong></span> <span class='ocrx_word' id='word_1_397' title='bbox 997 3552 1034 3604; x_wconf 89' lang='lat' dir='ltr'><strong>ad</strong></span> <span class='ocrx_word' id='word_1_398' title='bbox 1051 3552 1243 3616; x_wconf 84' lang='lat' dir='ltr'><strong>laniationem</strong></span> <span class='ocrx_word' id='word_1_399' title='bbox 1260 3578 1329 3617; x_wconf 63' lang='lat' dir='ltr'><strong>eccm</strong></span> 
     </span>
     <span class='ocr_line' id='line_1_41' title="bbox 155 3613 1389 3697; baseline 0.011 -31"><span class='ocrx_word' id='word_1_400' title='bbox 155 3613 221 3667; x_wconf 90' lang='lat' dir='ltr'><strong>sisse</strong></span> <span class='ocrx_word' id='word_1_401' title='bbox 239 3615 321 3668; x_wconf 91' lang='lat' dir='ltr'><strong>etiam</strong></span> <span class='ocrx_word' id='word_1_402' title='bbox 339 3615 539 3674; x_wconf 80' lang='lat' dir='ltr'><strong>lacerationem,</strong></span> <span class='ocrx_word' id='word_1_403' title='bbox 570 3627 637 3681; x_wconf 90' lang='lat' dir='ltr'><strong>quae</strong></span> <span class='ocrx_word' id='word_1_404' title='bbox 656 3613 692 3665; x_wconf 91' lang='lat' dir='ltr'><strong>sit</strong></span> <span class='ocrx_word' id='word_1_405' title='bbox 710 3615 890 3683; x_wconf 87' lang='lat' dir='ltr'><strong>exquisitioris</strong></span> <span class='ocrx_word' id='word_1_406' title='bbox 913 3618 1101 3690; x_wconf 84' lang='lat' dir='ltr'><strong>crudelitatis,</strong></span> <span class='ocrx_word' id='word_1_407' title='bbox 1128 3627 1241 3697; x_wconf 60' lang='lat' dir='ltr'><strong>Copula</strong></span> <span class='ocrx_word' id='word_1_408' title='bbox 1258 3645 1329 3685; x_wconf 70' lang='lat' dir='ltr'><strong>mese</strong></span> <span class='ocrx_word' id='word_1_409' title='bbox 1388 3630 1389 3635; x_wconf 77' lang='grc'>’</span> 
     </span>
     <span class='ocr_line' id='line_1_42' title="bbox 155 3679 1327 3763; baseline 0.016 -31"><span class='ocrx_word' id='word_1_410' title='bbox 155 3681 302 3735; x_wconf 89' lang='lat' dir='ltr'><strong>orationem</strong></span> <span class='ocrx_word' id='word_1_411' title='bbox 321 3697 374 3734; x_wconf 90' lang='lat' dir='ltr'><strong>uon</strong></span> <span class='ocrx_word' id='word_1_412' title='bbox 392 3697 478 3749; x_wconf 90' lang='lat' dir='ltr'><strong>posse.</strong></span> <span class='ocrx_word' id='word_1_413' title='bbox 509 3679 611 3746; x_wconf 85' lang='lat' dir='ltr'><strong>Quibus</strong></span> <span class='ocrx_word' id='word_1_414' title='bbox 629 3680 752 3735; x_wconf 90' lang='lat' dir='ltr'><strong>omuibus</strong></span> <span class='ocrx_word' id='word_1_415' title='bbox 770 3685 907 3754; x_wconf 89' lang='lat' dir='ltr'><strong>perpensis</strong></span> <span class='ocrx_word' id='word_1_416' title='bbox 924 3685 1093 3754; x_wconf 77' lang='lat' dir='ltr'><strong>Wagnerum</strong></span> <span class='ocrx_word' id='word_1_417' title='bbox 1113 3693 1247 3753; x_wconf 85' lang='lat' dir='ltr'><strong>deserere</strong></span> <span class='ocrx_word' id='word_1_418' title='bbox 1263 3698 1327 3763; x_wconf 82' lang='lat' dir='ltr'><strong>nolu,</strong></span> 
     </span>
     <span class='ocr_line' id='line_1_43' title="bbox 154 3747 1329 3823; baseline 0.02 -23"><span class='ocrx_word' id='word_1_419' title='bbox 154 3749 276 3817; x_wconf 87' lang='lat' dir='ltr'><strong>quamvis</strong></span> <span class='ocrx_word' id='word_1_420' title='bbox 295 3750 378 3803; x_wconf 89' lang='lat' dir='ltr'><strong>ceteri</strong></span> <span class='ocrx_word' id='word_1_421' title='bbox 398 3748 559 3802; x_wconf 88' lang='lat' dir='ltr'><strong>recentiores</strong></span> <span class='ocrx_word' id='word_1_422' title='bbox 576 3747 693 3803; x_wconf 86' lang='lat' dir='ltr'><strong>editores</strong></span> <span class='ocrx_word' id='word_1_423' title='bbox 715 3766 806 3804; x_wconf 89' lang='lat' dir='ltr'><strong>omues</strong></span> <span class='ocrx_word' id='word_1_424' title='bbox 823 3756 931 3820; x_wconf 86' lang='lat' dir='ltr'><strong>praeter</strong></span> <span class='ocrx_word' id='word_1_425' title='bbox 947 3753 1082 3823; x_wconf 79' lang='lat' dir='ltr'><strong>saptiam</strong></span> <span class='ocrx_word' id='word_1_426' title='bbox 1102 3759 1255 3820; x_wconf 85' lang='lat' dir='ltr'><strong>lectionem</strong></span> <span class='ocrx_word' id='word_1_427' title='bbox 1274 3767 1329 3821; x_wconf 71' lang='lat' dir='ltr'><strong>alti</strong></span> 
     </span>
     <span class='ocr_line' id='line_1_44' title="bbox 152 3817 1325 3900; baseline 0.013 -31"><span class='ocrx_word' id='word_1_428' title='bbox 152 3821 275 3871; x_wconf 72' lang='lat' dir='ltr'><strong>macrum</strong></span> <span class='ocrx_word' id='word_1_429' title='bbox 300 3817 457 3886; x_wconf 87' lang='lat' dir='ltr'><strong>receperint.</strong></span> <span class='ocrx_word' id='word_1_430' title='bbox 492 3817 582 3870; x_wconf 85' lang='lat' dir='ltr'><strong>Verba</strong></span> <span class='ocrx_word' id='word_1_431' title='bbox 600 3817 658 3869; x_wconf 79' lang='lat' dir='ltr'><strong>Ora</strong></span> <span class='ocrx_word' id='word_1_432' title='bbox 680 3834 830 3888; x_wconf 77' lang='lat' dir='ltr'><strong>amnesque</strong></span> <span class='ocrx_word' id='word_1_433' title='bbox 853 3823 948 3873; x_wconf 79' lang='lat' dir='ltr'><strong>umbus</strong></span> <span class='ocrx_word' id='word_1_434' title='bbox 964 3821 1107 3879; x_wconf 84' lang='lat' dir='ltr'><strong>iterantur</strong></span> <span class='ocrx_word' id='word_1_435' title='bbox 1126 3830 1157 3882; x_wconf 92' lang='lat' dir='ltr'><strong>in</strong></span> <span class='ocrx_word' id='word_1_436' title='bbox 1178 3833 1266 3900; x_wconf 64' lang='lat' dir='ltr'><strong>Anti,</strong></span> <span class='ocrx_word' id='word_1_437' title='bbox 1282 3834 1325 3887; x_wconf 75' lang='lat' dir='ltr'><strong>lat</strong></span> 
     </span>
     <span class='ocr_line' id='line_1_45' title="bbox 151 3883 1327 3969; baseline 0.013 -32"><span class='ocrx_word' id='word_1_438' title='bbox 151 3884 174 3951; x_wconf 93' lang='lat' dir='ltr'><strong>i,</strong></span> <span class='ocrx_word' id='word_1_439' title='bbox 194 3887 251 3951; x_wconf 83' lang='lat' dir='ltr'><strong>lib,</strong></span> <span class='ocrx_word' id='word_1_440' title='bbox 270 3888 311 3938; x_wconf 80' lang='lat' dir='ltr'><strong>tt.</strong></span> <span class='ocrx_word' id='word_1_441' title='bbox 331 3915 363 3921; x_wconf 91' lang='lat'>—</span> <span class='ocrx_word' id='word_1_442' title='bbox 380 3884 445 3944; x_wconf 79' lang='grc'><strong>496.</strong></span> <span class='ocrx_word' id='word_1_443' title='bbox 464 3884 568 3938; x_wconf 82' lang='lat' dir='ltr'><strong>Peerlk.</strong></span> <span class='ocrx_word' id='word_1_444' title='bbox 588 3883 614 3936; x_wconf 91' lang='lat' dir='ltr'><strong>in</strong></span> <span class='ocrx_word' id='word_1_445' title='bbox 634 3884 683 3937; x_wconf 93' lang='lat' dir='ltr'><strong>boc</strong></span> <span class='ocrx_word' id='word_1_446' title='bbox 701 3901 781 3939; x_wconf 84' lang='lat' dir='ltr'><strong>versu</strong></span> <span class='ocrx_word' id='word_1_447' title='bbox 799 3887 888 3942; x_wconf 88' lang='lat' dir='ltr'><strong>multa</strong></span> <span class='ocrx_word' id='word_1_448' title='bbox 904 3889 1050 3957; x_wconf 81' lang='lat' dir='ltr'><strong>vituperat.</strong></span> <span class='ocrx_word' id='word_1_449' title='bbox 1093 3895 1268 3969; x_wconf 63' lang='lat' dir='ltr'><strong>„Vergilius</strong></span> <span class='ocrx_word' id='word_1_450' title='bbox 1296 3905 1327 3954; x_wconf 86' lang='lat' dir='ltr'><strong>ir·</strong></span> 
     </span>
     <span class='ocr_line' id='line_1_46' title="bbox 151 3951 1325 4091; baseline 0.015 -17"><span class='ocrx_word' id='word_1_451' title='bbox 151 3952 220 4074; x_wconf 71' lang='lat' dir='ltr'><strong>til</strong></span> <span class='ocrx_word' id='word_1_452' title='bbox 236 3951 309 4074; x_wconf 60' lang='lat' dir='ltr'><strong>„lt</strong></span> <span class='ocrx_word' id='word_1_453' title='bbox 321 3951 406 4088; x_wconf 67' lang='lat' dir='ltr'><strong>”illl</strong></span> <span class='ocrx_word' id='word_1_454' title='bbox 419 3951 992 4078; x_wconf 55' lang='lat' dir='ltr'><strong>litt‘tlttuitdttitti</strong></span> <span class='ocrx_word' id='word_1_455' title='bbox 1009 3966 1130 4082; x_wconf 67' lang='lat' dir='ltr'><strong>litii}</strong></span> <span class='ocrx_word' id='word_1_456' title='bbox 1148 3966 1211 4087; x_wconf 62' lang='lat'>¹³5¹·</span> <span class='ocrx_word' id='word_1_457' title='bbox 1232 3971 1325 4091; x_wconf 58' lang='lat' dir='ltr'><strong>ag,-</strong></span> 
     </span>
     <span class='ocr_line' id='line_1_47' title="bbox 150 4037 1326 4172; baseline 0.012 -32"><span class='ocrx_word' id='word_1_458' title='bbox 150 4037 439 4155; x_wconf 60' lang='lat' dir='ltr'><strong>quideloccr’mamta?</strong></span> <span class='ocrx_word' id='word_1_459' title='bbox 472 4086 548 4141; x_wconf 91' lang='lat' dir='ltr'><strong>Nihil</strong></span> <span class='ocrx_word' id='word_1_460' title='bbox 565 4087 639 4140; x_wconf 88' lang='lat' dir='ltr'><strong>uliud</strong></span> <span class='ocrx_word' id='word_1_461' title='bbox 655 4091 730 4156; x_wconf 90' lang='lat' dir='ltr'><strong>puto,</strong></span> <span class='ocrx_word' id='word_1_462' title='bbox 748 4089 801 4143; x_wconf 89' lang='lat' dir='ltr'><strong>nisi</strong></span> <span class='ocrx_word' id='word_1_463' title='bbox 819 4063 862 4144; x_wconf 67' lang='lat' dir='ltr'><strong>’oui</strong></span> <span class='ocrx_word' id='word_1_464' title='bbox 879 4091 963 4172; x_wconf 37' lang='lat' dir='ltr'><strong>digiti·</strong></span> <span class='ocrx_word' id='word_1_465' title='bbox 977 4097 1043 4146; x_wconf 88' lang='lat' dir='ltr'><strong>sunt</strong></span> <span class='ocrx_word' id='word_1_466' title='bbox 1062 4050 1166 4167; x_wconf 48' lang='lat' dir='ltr'><strong>erepti</strong></span> <span class='ocrx_word' id='word_1_467' title='bbox 1200 4053 1326 4160; x_wconf 46' lang='lat' dir='ltr'><strong>wlleus</strong></span> 
     </span>
     <span class='ocr_line' id='line_1_48' title="bbox 150 4155 1324 4229; baseline 0.014 -20"><span class='ocrx_word' id='word_1_468' title='bbox 150 4160 242 4210; x_wconf 73' lang='lat' dir='ltr'><strong>terum</strong></span> <span class='ocrx_word' id='word_1_469' title='bbox 258 4156 345 4225; x_wconf 91' lang='lat' dir='ltr'><strong>poscit</strong></span> <span class='ocrx_word' id='word_1_470' title='bbox 364 4172 459 4209; x_wconf 87' lang='lat' dir='ltr'><strong>manus</strong></span> <span class='ocrx_word' id='word_1_471' title='bbox 477 4155 619 4219; x_wconf 87' lang='lat' dir='ltr'><strong>abscissas,</strong></span> <span class='ocrx_word' id='word_1_472' title='bbox 642 4158 794 4226; x_wconf 85' lang='lat' dir='ltr'><strong>truncatas,</strong></span> <span class='ocrx_word' id='word_1_473' title='bbox 814 4161 846 4212; x_wconf 92' lang='lat' dir='ltr'><strong>ut</strong></span> <span class='ocrx_word' id='word_1_474' title='bbox 864 4159 936 4216; x_wconf 78' lang='lat' dir='ltr'><strong>Serv.</strong></span> <span class='ocrx_word' id='word_1_475' title='bbox 955 4163 1165 4229; x_wconf 85' lang='lat' dir='ltr'><strong>iuterpretatur</strong></span> <span class='ocrx_word' id='word_1_476' title='bbox 1182 4174 1221 4226; x_wconf 88' lang='lat' dir='ltr'><strong>ad</strong></span> <span class='ocrx_word' id='word_1_477' title='bbox 1239 4191 1264 4227; x_wconf 82' lang='lat' dir='ltr'><strong>v.</strong></span> <span class='ocrx_word' id='word_1_478' title='bbox 1280 4176 1324 4227; x_wconf 78' lang='lat' dir='ltr'><strong>ret</strong></span> 
     </span>
     <span class='ocr_line' id='line_1_49' title="bbox 148 4222 1324 4297; baseline 0.016 -22"><span class='ocrx_word' id='word_1_479' title='bbox 148 4223 193 4276; x_wconf 88' lang='lat' dir='ltr'><strong>lta</strong></span> <span class='ocrx_word' id='word_1_480' title='bbox 211 4225 288 4278; x_wconf 85' lang='lat' dir='ltr'><strong>lacer</strong></span> <span class='ocrx_word' id='word_1_481' title='bbox 304 4223 436 4293; x_wconf 89' lang='lat' dir='ltr'><strong>duplicem</strong></span> <span class='ocrx_word' id='word_1_482' title='bbox 456 4224 554 4292; x_wconf 83' lang='lat' dir='ltr'><strong>accipit</strong></span> <span class='ocrx_word' id='word_1_483' title='bbox 572 4222 804 4290; x_wconf 80' lang='lat' dir='ltr'><strong>significationem,</strong></span> <span class='ocrx_word' id='word_1_484' title='bbox 823 4243 870 4281; x_wconf 92' lang='lat' dir='ltr'><strong>ora</strong></span> <span class='ocrx_word' id='word_1_485' title='bbox 887 4229 1031 4297; x_wconf 88' lang='lat' dir='ltr'><strong>laceratus,</strong></span> <span class='ocrx_word' id='word_1_486' title='bbox 1057 4247 1165 4290; x_wconf 88' lang='lat' dir='ltr'><strong>manus</strong></span> <span class='ocrx_word' id='word_1_487' title='bbox 1185 4244 1324 4296; x_wconf 67' lang='lat' dir='ltr'><strong>trunceta</strong></span> 
     </span>
     <span class='ocr_line' id='line_1_50' title="bbox 148 4291 1390 4370; baseline 0.015 -28"><span class='ocrx_word' id='word_1_488' title='bbox 148 4291 215 4355; x_wconf 70' lang='lat' dir='ltr'><strong>Quis</strong></span> <span class='ocrx_word' id='word_1_489' title='bbox 238 4294 327 4345; x_wconf 89' lang='lat' dir='ltr'><strong>autem</strong></span> <span class='ocrx_word' id='word_1_490' title='bbox 352 4292 423 4345; x_wconf 92' lang='lat' dir='ltr'><strong>lruuc</strong></span> <span class='ocrx_word' id='word_1_491' title='bbox 441 4291 562 4344; x_wconf 87' lang='lat' dir='ltr'><strong>ordinem</strong></span> <span class='ocrx_word' id='word_1_492' title='bbox 581 4292 684 4360; x_wconf 86' lang='lat' dir='ltr'><strong>probet,</strong></span> <span class='ocrx_word' id='word_1_493' title='bbox 717 4298 748 4345; x_wconf 92' lang='lat' dir='ltr'><strong>nt</strong></span> <span class='ocrx_word' id='word_1_494' title='bbox 765 4299 840 4363; x_wconf 87' lang='lat' dir='ltr'><strong>prius</strong></span> <span class='ocrx_word' id='word_1_495' title='bbox 859 4300 1042 4350; x_wconf 85' lang='lat' dir='ltr'><strong>memorentur</strong></span> <span class='ocrx_word' id='word_1_496' title='bbox 1060 4318 1127 4370; x_wconf 75' lang='lat' dir='ltr'><strong>orm,</strong></span> <span class='ocrx_word' id='word_1_497' title='bbox 1162 4310 1227 4363; x_wconf 82' lang='lat' dir='ltr'><strong>tum</strong></span> <span class='ocrx_word' id='word_1_498' title='bbox 1244 4327 1326 4363; x_wconf 73' lang='lat' dir='ltr'><strong>mm</strong></span> <span class='ocrx_word' id='word_1_499' title='bbox 1389 4342 1390 4361; x_wconf 56' lang='lat'>2</span> 
     </span>
     <span class='ocr_line' id='line_1_51' title="bbox 148 4360 1326 4432; baseline 0.016 -22"><span class='ocrx_word' id='word_1_500' title='bbox 148 4360 175 4411; x_wconf 90' lang='lat' dir='ltr'><strong>iu</strong></span> <span class='ocrx_word' id='word_1_501' title='bbox 193 4360 281 4414; x_wconf 88' lang='lat' dir='ltr'><strong>medio</strong></span> <span class='ocrx_word' id='word_1_502' title='bbox 299 4363 443 4428; x_wconf 90' lang='lat' dir='ltr'><strong>ponantur,</strong></span> <span class='ocrx_word' id='word_1_503' title='bbox 462 4360 558 4414; x_wconf 87' lang='lat' dir='ltr'><strong>deinde</strong></span> <span class='ocrx_word' id='word_1_504' title='bbox 576 4365 674 4416; x_wconf 89' lang='lat' dir='ltr'><strong>iterum</strong></span> <span class='ocrx_word' id='word_1_505' title='bbox 694 4361 729 4416; x_wconf 91' lang='lat' dir='ltr'><strong>ad</strong></span> <span class='ocrx_word' id='word_1_506' title='bbox 749 4379 796 4417; x_wconf 88' lang='lat' dir='ltr'><strong>ora</strong></span> <span class='ocrx_word' id='word_1_507' title='bbox 813 4364 958 4417; x_wconf 78' lang='lat' dir='ltr'><strong>veniatur?</strong></span> <span class='ocrx_word' id='word_1_508' title='bbox 992 4365 1062 4420; x_wconf 88' lang='lat' dir='ltr'><strong>Nam</strong></span> <span class='ocrx_word' id='word_1_509' title='bbox 1083 4370 1112 4422; x_wconf 90' lang='lat' dir='ltr'><strong>in</strong></span> <span class='ocrx_word' id='word_1_510' title='bbox 1135 4388 1186 4428; x_wconf 86' lang='lat' dir='ltr'><strong>ore</strong></span> <span class='ocrx_word' id='word_1_511' title='bbox 1206 4383 1270 4432; x_wconf 88' lang='lat' dir='ltr'><strong>sunt</strong></span> <span class='ocrx_word' id='word_1_512' title='bbox 1287 4396 1326 4429; x_wconf 68' lang='lat' dir='ltr'><strong>aa</strong></span> 
     </span>
     <span class='ocr_line' id='line_1_52' title="bbox 146 4428 1326 4518; baseline 0.022 -41"><span class='ocrx_word' id='word_1_513' title='bbox 146 4434 220 4479; x_wconf 77' lang='lat' dir='ltr'><strong>res.“</strong></span> <span class='ocrx_word' id='word_1_514' title='bbox 256 4429 308 4481; x_wconf 84' lang='lat' dir='ltr'><strong>Sed</strong></span> <span class='ocrx_word' id='word_1_515' title='bbox 339 4428 403 4496; x_wconf 89' lang='lat' dir='ltr'><strong>quid</strong></span> <span class='ocrx_word' id='word_1_516' title='bbox 429 4429 550 4496; x_wconf 87' lang='lat' dir='ltr'><strong>impedit,</strong></span> <span class='ocrx_word' id='word_1_517' title='bbox 579 4432 719 4500; x_wconf 77' lang='lat' dir='ltr'><strong>quantinus</strong></span> <span class='ocrx_word' id='word_1_518' title='bbox 740 4432 822 4486; x_wconf 85' lang='lat' dir='ltr'><strong>verba</strong></span> <span class='ocrx_word' id='word_1_519' title='bbox 839 4432 960 4485; x_wconf 71' lang='lat' dir='ltr'><strong>lucanum</strong></span> <span class='ocrx_word' id='word_1_520' title='bbox 978 4453 1078 4488; x_wconf 73' lang='lat' dir='ltr'><strong>monica</strong></span> <span class='ocrx_word' id='word_1_521' title='bbox 1100 4441 1135 4495; x_wconf 88' lang='lat' dir='ltr'><strong>de</strong></span> <span class='ocrx_word' id='word_1_522' title='bbox 1155 4446 1227 4501; x_wconf 89' lang='lat' dir='ltr'><strong>solis</strong></span> <span class='ocrx_word' id='word_1_523' title='bbox 1244 4446 1326 4518; x_wconf 74' lang='lat' dir='ltr'><strong>digitis</strong></span> 
     </span>
     <span class='ocr_line' id='line_1_53' title="bbox 146 4496 1326 4571; baseline 0.019 -26"><span class='ocrx_word' id='word_1_524' title='bbox 146 4496 272 4548; x_wconf 85' lang='lat' dir='ltr'><strong>abscissis</strong></span> <span class='ocrx_word' id='word_1_525' title='bbox 288 4496 494 4565; x_wconf 85' lang='lat' dir='ltr'><strong>intelligamus?</strong></span> <span class='ocrx_word' id='word_1_526' title='bbox 518 4497 567 4551; x_wconf 88' lang='lat' dir='ltr'><strong>His</strong></span> <span class='ocrx_word' id='word_1_527' title='bbox 584 4500 653 4553; x_wconf 90' lang='lat' dir='ltr'><strong>enim</strong></span> <span class='ocrx_word' id='word_1_528' title='bbox 672 4505 800 4571; x_wconf 88' lang='lat' dir='ltr'><strong>praecisis</strong></span> <span class='ocrx_word' id='word_1_529' title='bbox 821 4521 916 4557; x_wconf 89' lang='lat' dir='ltr'><strong>manus</strong></span> <span class='ocrx_word' id='word_1_530' title='bbox 933 4520 986 4557; x_wconf 86' lang='lat' dir='ltr'><strong>nou</strong></span> <span class='ocrx_word' id='word_1_531' title='bbox 1004 4507 1097 4562; x_wconf 89' lang='lat' dir='ltr'><strong>minus</strong></span> <span class='ocrx_word' id='word_1_532' title='bbox 1119 4516 1166 4565; x_wconf 84' lang='lat' dir='ltr'><strong>est</strong></span> <span class='ocrx_word' id='word_1_533' title='bbox 1184 4516 1326 4571; x_wconf 73' lang='lat' dir='ltr'><strong>deformata</strong></span> 
     </span>
     <span class='ocr_line' id='line_1_54' title="bbox 146 4567 1325 4652; baseline 0.017 -36"><span class='ocrx_word' id='word_1_534' title='bbox 146 4569 175 4616; x_wconf 91' lang='lat' dir='ltr'><strong>ct</strong></span> <span class='ocrx_word' id='word_1_535' title='bbox 200 4567 315 4630; x_wconf 87' lang='lat' dir='ltr'><strong>inutilis,</strong></span> <span class='ocrx_word' id='word_1_536' title='bbox 345 4585 425 4637; x_wconf 89' lang='lat' dir='ltr'><strong>quarn</strong></span> <span class='ocrx_word' id='word_1_537' title='bbox 454 4569 476 4621; x_wconf 91' lang='lat' dir='ltr'><strong>si</strong></span> <span class='ocrx_word' id='word_1_538' title='bbox 502 4571 561 4623; x_wconf 87' lang='lat' dir='ltr'><strong>tota</strong></span> <span class='ocrx_word' id='word_1_539' title='bbox 579 4571 650 4623; x_wconf 87' lang='lat' dir='ltr'><strong>esset</strong></span> <span class='ocrx_word' id='word_1_540' title='bbox 667 4578 817 4642; x_wconf 87' lang='lat' dir='ltr'><strong>amputata.</strong></span> <span class='ocrx_word' id='word_1_541' title='bbox 853 4576 925 4643; x_wconf 56' lang='lat' dir='ltr'><strong>(vti.</strong></span> <span class='ocrx_word' id='word_1_542' title='bbox 943 4578 1025 4630; x_wconf 89' lang='lat' dir='ltr'><strong>etiam</strong></span> <span class='ocrx_word' id='word_1_543' title='bbox 1044 4579 1080 4632; x_wconf 87' lang='lat' dir='ltr'><strong>ad</strong></span> <span class='ocrx_word' id='word_1_544' title='bbox 1101 4597 1127 4635; x_wconf 83' lang='lat' dir='ltr'><strong>r.</strong></span> <span class='ocrx_word' id='word_1_545' title='bbox 1148 4587 1227 4652; x_wconf 71' lang='lat'><strong>⁴98.)</strong></span> <span class='ocrx_word' id='word_1_546' title='bbox 1262 4582 1325 4651; x_wconf 79' lang='lat' dir='ltr'><strong>Quoi</strong></span> 
     </span>
     <span class='ocr_line' id='line_1_55' title="bbox 146 4638 1326 4719; baseline 0.019 -34"><span class='ocrx_word' id='word_1_547' title='bbox 146 4638 238 4687; x_wconf 81' lang='lat' dir='ltr'><strong>autem</strong></span> <span class='ocrx_word' id='word_1_548' title='bbox 256 4638 291 4690; x_wconf 81' lang='lat' dir='ltr'><strong>ad</strong></span> <span class='ocrx_word' id='word_1_549' title='bbox 308 4639 511 4694; x_wconf 90' lang='lat' dir='ltr'><strong>collocationem</strong></span> <span class='ocrx_word' id='word_1_550' title='bbox 528 4644 671 4697; x_wconf 84' lang='lat' dir='ltr'><strong>verborum</strong></span> <span class='ocrx_word' id='word_1_551' title='bbox 688 4647 796 4716; x_wconf 88' lang='lat' dir='ltr'><strong>attinet,</strong></span> <span class='ocrx_word' id='word_1_552' title='bbox 815 4651 895 4718; x_wconf 75' lang='lat' dir='ltr'><strong>poeta</strong></span> <span class='ocrx_word' id='word_1_553' title='bbox 914 4650 1032 4719; x_wconf 90' lang='lat' dir='ltr'><strong>primum</strong></span> <span class='ocrx_word' id='word_1_554' title='bbox 1049 4654 1078 4708; x_wconf 90' lang='lat' dir='ltr'><strong>ia</strong></span> <span class='ocrx_word' id='word_1_555' title='bbox 1093 4653 1260 4707; x_wconf 84' lang='lat' dir='ltr'><strong>universum</strong></span> <span class='ocrx_word' id='word_1_556' title='bbox 1272 4652 1326 4706; x_wconf 86' lang='lat' dir='ltr'><strong>dicit</strong></span> 
     </span>
    </p>
   </div>
   <div class='ocr_carea' id='block_1_4' title="bbox 0 0 1396 4958">
    <p class='ocr_par' dir='ltr' id='par_1_4' title="bbox 0 0 1396 4958">
     <span class='ocr_line' id='line_1_56' title="bbox 0 0 1396 4958; baseline 0 8"><span class='ocrx_word' id='word_1_557' title='bbox 0 0 1396 4958; x_wconf 95' lang='lat' dir='ltr'><strong> </strong></span> 
     </span>
    </p>
   </div>
  </div>
 </body>
</html>
