2872 4980
446 214 677 283 Auuumos
698 195 782 285 ms
803 219 860 286 ιιι.

67 372 266 443 Dardaniae
288 379 440 468 cingique
458 381 575 448 urbem
596 383 766 450 obsidione
786 384 921 452 videret

65 455 138 541 Ille,
160 469 197 525 ut
218 482 297 548 opes
320 464 445 530 fractae
466 465 629 531 Teucrum
650 477 682 533 et
703 468 851 534 Fortuna
871 471 1016 553 recessit,

66 539 134 606 Res
154 543 434 630 Agamemnonias
454 549 667 638 victriciaque
691 573 784 616 arma
804 562 934 618 secutus

66 623 136 689 Fas
156 649 253 692 omue
275 628 390 696 abrum
415 633 449 714 it,
471 630 671 719 Polydorum
694 633 865 700 obtruncat
884 645 917 701 et
938 659 1018 707 auro
1211 653 1244 700 55

65 707 110 773 Vi
131 712 267 796 potitur,
310 713 376 795 Qui
419 737 484 780 nou
504 715 656 782 mortalia
677 727 812 805 pectora
834 723 935 805 cogis,

67 979 197 1034 timere
214 983 276 1049 reci
291 998 352 1034 urm
370 981 427 1035 iam
444 999 555 1037 secururs
571 1001 696 1036 amoram
715 986 765 1039 eto.
785 1015 818 1023 —
834 983 881 1046 52.
905 987 1038 1055 Wagusro
1056 991 1182 1057 suspecta
1203 992 1245 1044 est

64 1046 153 1101 altera
171 1048 253 1102 huius
270 1065 363 1103 versus
396 1067 449 1112 ars,
469 1050 539 1120 quod
564 1050 617 1104 iam
635 1051 737 1106 dudum
754 1058 953 1123 oppugnaretur
970 1054 1060 1119 Troia,
1087 1072 1147 1110 cum
1168 1056 1244 1111 Pria·

64 1131 130 1195 mus·
144 1116 227 1170 rebus
246 1117 302 1170 suis
319 1067 440 1172 diffidere
460 1118 585 1188 coeperit,
612 1118 639 1171 id
663 1119 733 1189 quod
750 1120 889 1175 Particuls
910 1123 966 1175 iam
991 1123 1135 1192 significet,
1158 1140 1244 1194 neque

64 1187 160 1236 statum
202 1201 233 1237 os
264 1202 328 1239 narn
350 1185 446 1240 Graeci
473 1186 661 1251 advenissent,
684 1187 731 1241 sed
757 1189 904 1242 secundum
922 1190 1014 1259 Eurip.
1032 1190 1097 1244 Hac.
1116 1208 1141 1248 v.
1159 1197 1176 1245 4
1194 1209 1242 1262 sq,

64 1267 143 1369 quem
193 1269 207 1306 e
264 1253 305 1306 ‘us
334 1255 494 1324 expressisse
521 1253 657 1316 rideatur,
686 1256 746 1308 inst
770 1261 895 1326 Φρυγῶν
917 1255 1000 1312 πόλιν
1024 1259 1154 1320 κίνδυνος
1179 1261 1244 1329 ἔσχε
1355 1302 1358 1309 .

83 1323 125 1384 opi
146 1327 249 1373 neoris
264 1321 396 1394 ‘Erinyes
409 1325 429 1390 ⁴,
448 1322 595 1391 Polydorus
612 1323 640 1375 in
662 1322 802 1377 Thraciam
824 1325 861 1378 sit
885 1325 990 1380 missus.
1025 1324 1077 1380 Sed
1094 1326 1243 1395 neglexisse

64 1387 172 1466 ridetur
193 1388 356 1468 Virexcell.
374 1342 539 1444 Aduerbium
557 1391 699 1458 furtimv
729 1393 922 1461 sepositum,
950 1393 1034 1461 quod,
1057 1394 1108 1447 nisi
1130 1395 1243 1447 servatis

64 1455 151 1534 serbis
177 1458 305 1525 duceque
324 1459 416 1511 urbem
433 1459 583 1537 ‘studione
608 1459 725 1525 videret,
756 1460 901 1540 commode¹
919 1460 1044 1541 applicari
1072 1462 1116 1514 rix
1142 1465 1241 1530 potest,

64 1539 161 1670 llll?
198 1528 742 1671 ttetuttbtttettfflutfi
755 1528 1243 1664 distribuente

66 1674 170 1728 mngms
189 1659 293 1713 divitiis
310 1662 410 1726 fartim
427 1661 507 1729 (clam
525 1661 647 1728 Graecis,
665 1663 795 1716 stationes
813 1663 975 1718 Graecorum
996 1664 1105 1729 tullens)
1129 1664 1242 1730 dimisit,

66 1742 123 1779 cum
139 1726 197 1780 iam
216 1727 353 1782 diffideret
370 1729 453 1783 armis
470 1730 599 1791 Troianis,
617 1730 711 1783 urbem
728 1735 819 1785 autem
838 1731 974 1785 obsidione
994 1733 1108 1786 cinctam
1129 1731 1241 1798 videret,

66 1792 105 1872 ita
124 1797 156 1848 ut
181 1795 275 1864 palam
298 1813 358 1850 eum
386 1797 522 1853 dimittere
544 1815 597 1851 non
618 1802 716 1866 posset.
751 1798 822 1853 Nam
839 1799 882 1853 rix
901 1801 980 1879 puto,
999 1816 1159 1869 quemquam
1176 1801 1242 1855 baec

66 1867 104 1914 rta
129 1863 173 1915 int
223 1866 375 1919 retaturum
401 1883 471 1929 esse,
497 1868 529 1919 ut
552 1865 690 1919 Priamm
717 1866 787 1920 clam
805 1867 873 1920 suis
890 1868 1031 1931 civibus,
1055 1884 1121 1937 quos
1139 1867 1241 1922 divitiis

67 1927 118 1982 lilio
141 1929 207 1984 sddr
221 1932 245 1984 is
263 1932 422 1988 defraudare
442 1934 533 1995 vellet,
551 1933 715 2002 Polydorum
732 1934 865 1988 dimisisse
876 1935 984 1988 indicet.
1002 1935 1133 1989 Praesens
1150 1939 1241 1991 autom

67 1998 137 2118 tet
156 2014 218 2122 tt
240 2000 486 2139 6666666666
496 2000 735 2123 tetenstete
755 2003 1174 2141 6666166666
1190 2004 1242 2125 tt}

69 2133 207 2188 rumdaudi
227 2140 255 2189 st
273 2137 371 2190 similia
385 2111 467 2206 ’saepe
479 2137 612 2206 usurpari,
630 2138 688 2190 tam
701 2140 795 2190 notum
814 2141 864 2202 cst,
883 2141 915 2192 ut
932 2139 1060 2209 exemplis
1073 2111 1239 2208 proferendis

70 2200 140 2255 lacile
161 2205 336 2273 supersedere
357 2205 466 2273 possim.
500 2204 542 2259 Cf.
566 2208 670 2267 tamen,
693 2205 717 2257 si
740 2205 811 2258 tanti
833 2210 888 2268 est,
911 2207 919 2259 i
940 2207 995 2260 sius
1014 2208 1079 2261 Aen.
1097 2207 1163 2274 XII,
1183 2211 1238 2262 lea.

71 2267 141 2325 Orio.
166 2289 197 2325 ex
218 2271 248 2325 P.
267 2272 315 2336 IV,
338 2277 368 2334 9,
393 2277 432 2328 17.
453 2273 529 2327 Caes.
551 2273 581 2327 B.
606 2272 638 2327 G.
663 2272 689 2336 I,
713 2274 755 2326 38.
781 2274 856 2328 Curt.
926 2316 934 2342 ‚
961 2279 982 2329 l.
1010 2277 1073 2330 cett.
1108 2274 1239 2329 Additum

73 2341 155 2392 autem
174 2340 288 2394 verbum
305 2342 396 2395 videre
413 2341 481 2395 nihil
500 2341 543 2394 bic
561 2344 679 2402 mutare,
704 2341 747 2394 vix
765 2342 896 2411 estquod
915 2359 1067 2397 memorem.
1101 2343 1160 2397 lam
1177 2359 1238 2397 vero

75 2404 209 2485 siil'agn.
233 2424 323 2462 reram
345 2409 419 2463 mbis
447 2409 639 2476 obsessionem,
662 2408 695 2462 de
717 2424 770 2478 qua
788 2414 900 2528 poetam
926 2410 1058 2478 cogitasse
1081 2410 1124 2463 vir
1148 2413 1239 2479 potest

75 2470 192 2544 dubitari,
211 2493 228 2530 a
245 2478 302 2530 tem
322 2476 412 2530 oribus
429 2477 541 2530 heroicis
558 2477 598 2530 ait
616 2476 767 2540 abhorrere,
808 2493 838 2531 oe
855 2478 932 2531 salva
949 2477 1085 2531 sententia
1102 2494 1162 2532 mea
1174 2478 1238 2531 Viro

77 2539 173 2596 doctiss.
199 2543 280 2597 facile
302 2493 396 2625 largiri
438 2560 535 2598 ossum.
571 2544 641 2610 Quid
664 2545 755 2598 enirn?
781 2544 875 2600 Nonne
898 2545 992 2614 Wagn.
1015 2546 1073 2624 ipse
1095 2543 1144 2610 Qu.
1163 2544 1238 2614 Virg.

13 2663 15 2683 ,
76 2607 187 2664 XXXIX.
205 2610 388 2680 septendecim
429 2611 516 2680 ergilii
533 2612 605 2666 locos
629 2611 743 2682 profert,
766 2613 812 2666 ubi
836 2616 916 2681 poeta
937 2612 1051 2667 heroicis
1071 2613 1238 2681 temporibus

78 2677 202 2741 tubuerit,
221 2696 289 2749 quae
307 2680 460 2748 posterioris
479 2680 577 2735 aetatis
597 2680 721 2734 tuerint?
739 2697 825 2734 nonne
842 2679 949 2746 Quaest.
968 2679 1024 2735 XL⁴
1045 2680 1136 2750 plures
1156 2680 1238 2735 etiam

79 2750 264 2814 commemorat,
283 2764 350 2818 quos
367 2747 433 2802 adeo
451 2747 643 2802 dormitantem
655 2748 792 2817 scripsisse
804 2748 903 2802 bouum
915 2749 1052 2802 Maronem
1066 2748 1239 2817 suspIoatur?

79 2809 152 2875 Quare
180 2813 249 2868 nihil
269 2816 398 2885 impedit,
423 2816 563 2885 quominus
586 2816 669 2869 etiam
698 2814 741 2869 bio
767 2815 915 2885 Vergilium
944 2833 1008 2870 suae
1036 2816 1238 2885 potiusquam
1335 2822 1339 2833 ’

80 2881 225 2951 antiquioris
242 2885 342 2938 aetatis
358 2884 489 2938 rationem
506 2883 632 2937 habuisse
650 2885 677 2937 et
690 2882 811 2937 libertati
828 2883 947 2952 poeticae
960 2884 1046 2952 magis
1061 2900 1142 2952 qnam
1154 2883 1239 2936 histo·

80 2947 123 3002 riae
139 2949 200 3004 fidei
219 2951 375 3006 obsecutum
393 2968 451 3005 esse
469 2968 585 3006 censeas.
621 2950 694 3016 Quae
712 2966 772 3004 cum
790 2952 829 3004 ita
847 2952 910 3014 sint,
928 2952 995 3030 quis,
1016 2967 1122 3031 quaeso,
1137 2950 1169 3004 de
1187 2949 1237 3004 hoc

13 3041 14 3056 ι
80 3011 246 3082 lonnechin,
275 3020 309 3074 ab
336 3020 471 3081 omnibus,
494 3020 627 3089 quotquot
652 3018 745 3072 collati
771 3021 847 3081 snut,
875 3018 953 3071 libns
980 3034 1031 3072 sorr
1050 3018 1087 3070 tis
1109 3017 1234 3081 exhibito,

80 3097 128 3136 tum
145 3085 275 3167 Wagnero
294 3086 458 3168 dubitabit?¹
472 3086 566 3156 Neque
583 3103 649 3167 opus
667 3089 720 3165 est,
740 3089 771 3140 ut
790 3103 856 3166 eum.
868 3085 972 3165 Peerllr.
990 3036 1072 3140 verba
1090 3085 1128 3165 sic
1146 3087 1236 3139 trans-

16 3277 17 3286 ,
80 3156 643 3277 illimesi‘ssssollbel‘bdilldlil
660 3153 1023 3289 rettulerit
1040 3154 1161 3274 etit*
1175 3168 1236 3274 fite

16 3302 17 3306 ¹
81 3287 143 3342 boto
167 3291 284 3345 exercitu
308 3290 424 3354 senisse,
452 3293 483 3344 ut
504 3306 596 3361 parem
619 3306 647 3343 se
669 3306 722 3343 non
744 3289 865 3343 futurum
882 3291 1021 3358 putaret.“
1040 3321 1072 3328 -—
1091 3288 1135 3350 53.
1153 3288 1235 3341 For·

20 3413 21 3419 ἵ
81 3359 145 3411 tusa
172 3359 318 3412 recessit.
352 3359 384 3413 In
414 3358 525 3412 eandem
554 3358 610 3412 fere
641 3358 802 3412 sententiam
831 3356 869 3419 V,
901 3361 958 3411 604.
989 3357 1106 3421 fortuna
1136 3356 1234 3410 dieitur

18 3435 20 3449 ³
80 3432 166 3479 aalma
176 3428 264 3495 fidem
280 3444 391 3480 norme.
409 3459 442 3466 -
459 3423 506 3488 54.
525 3425 582 3478 Rea
599 3426 892 3493 Aqumemnonics,
912 3441 1034 3492 causam,
1054 3426 1145 3494 partes
1163 3424 1235 3494 Aga·

22 3511 24 3522 ³
81 3495 211 3565 memnonis
232 3495 350 3549 victoris.
368 3494 465 3548 Wund.
489 3494 578 3547 minus
601 3495 672 3547 recte
693 3511 738 3546 res
754 3495 850 3572 Apron.
874 3509 921 3573 per
945 3510 959 3546 o
980 3510 1011 3573 es
1028 3493 1235 3614 Apumemnonis

82 3564 266 3630 terpretatur.
301 3596 315 3601 -
347 3562 624 3615 victricioarma
644 3560 772 3630 leguntur
797 3563 880 3615 stram
902 3577 930 3613 m
971 3560 1030 3616 utrl.
1062 3561 1155 3625 tmi,
1176 3563 1235 3615 329.

21 3650 23 3689 3
82 3621 138 3694 Epir.
161 3629 237 3684 Iliad.
265 3633 318 3684 152.
340 3629 422 3683 Anth.
442 3629 502 3684 Lat.
521 3629 612 3682 Burm.
635 3628 661 3692 1,
681 3632 727 3691 89,
747 3631 788 3682 66.
816 3628 889 3692 alibi,
918 3631 950 3681 ut
967 3630 1093 3683 mairia
1110 3628 1190 3696 eipso
1208 3629 1236 3682 in

21 3716 22 3721 ¹
81 3689 146 3750 Prisc
163 3697 268 3767 Perieg.
285 3700 344 3751 666.
369 3729 402 3738 -
424 3696 470 3759 bb.
491 3697 559 3750 Fas
578 3713 669 3749 omne
688 3700 802 3750 atrum
833 3697 859 3748 it
882 3700 960 3776 (qnpe
978 3697 1060 3751 verba
1077 3699 1236 3766 repetuntur

82 3764 198 3841 pluth.
221 3766 282 3819 Lat.
302 3766 326 3829 1,
353 3768 412 3844 168,
438 3766 490 3827 12.)
507 3763 615 3844 Heyuio
656 3764 728 3818 aullo
755 3714 883 3844 ardicius
909 3763 1011 3818 ductum
1040 3763 1147 3844 ridetur
1173 3781 1233 3844 pror

81 3824 151 3910 llum
168 3832 338 3903 humanaque
355 3849 415 3887 rura
440 3833 572 3902 infringit.
591 3781 687 3912 vrollst.⁸
716 3833 853 3951 Impnmrs
871 3831 904 3886 de
922 3832 1021 3886 violato
1046 3847 1104 3913 rure
1126 3831 1235 3912 hosprtn

82 3901 234 3965 amandum
252 3917 310 3955 esse
328 3903 411 3970 patet.
448 3901 573 3955 Ceterum
592 3900 625 3954 cl.
651 3903 734 3954 etiam
784 3903 867 3965 ,866
898 3932 930 3939 -
959 3899 1004 3961 56.
1040 3900 1078 3953 Vs
1091 3906 1232 3969 potetur.

81 3959 199 4023 luremtnr
222 3969 293 4023 enim
320 3967 370 4022 boc
392 3967 502 4023 verbum
521 3967 655 4022 interdum
677 3967 712 4021 ad
734 3968 831 4022 tertiae
849 3968 932 4021 Coniu
952 3967 1050 4021 ationis
1069 3966 1170 4020 formas
1187 3963 1233 4018 fle·

81 4045 134 4089 run.
165 4037 226 4091 vid.
250 4036 322 4090 infra
344 4035 394 4101 IV,
414 4039 472 4089 217.
497 4036 589 4097 etXI,
610 4039 668 4090 493.
696 4035 772 4091 Ovid.
790 4036 854 4090 Met.
946 4076 952 4098 ‚
984 4038 1038 4088 130.
1070 4034 1234 4112 Triquetris

80 4105 153 4175 quoia,
170 4123 221 4159 nos
237 4112 263 4156 te
276 4112 442 4174 poteremur,
461 4103 577 4157 Achille.
596 4103 676 4171 Prop.
696 4103 724 4157 II
753 4109 777 4165 9,
795 4106 835 4157 26.
860 4102 927 4156 Germ
943 4102 1033 4172 capite
1054 4099 1234 4169 1200&qu

26 4184 28 4217 ⁵
79 4144 947 4295 666166161666666
985 4169 1078 4289 66
1088 4174 1234 4288 66

27 4311 30 4339 ³
78 4296 135 4368 1111,
154 4283 211 4363 rio.
229 4283 303 4371 xiv,
323 4312 380 4362 crs.
399 4311 456 4361 ort.
474 4278 544 4360 sris.
562 4304 626 4358 silv.
645 4306 696 4370 111,
715 4310 739 4366 s,
760 4277 802 4359 si.
821 4304 917 4358 semu.
937 4303 958 4367 1,
978 4306 1035 4356 ers.
1055 4303 1120 4356 cett.
1140 4275 1231 4356 burm.

77 4372 97 4420 6
115 4373 188 4432 Bsch.
213 4376 248 4430 ad
265 4375 342 4430 oud.
361 4375 425 4429 Met.
445 4374 525 4436 VlII,
547 4376 603 4427 130.
633 4374 710 4427 Voss.
729 4371 877 4426 Aristarch.
900 4371 931 4424 Τ.
956 4371 994 4424 11.
1018 4387 1044 4439 p.
1062 4373 1121 4423 875.
1142 4368 1232 4439 ibique

25 4456 29 4511 j
77 4433 189 4499 lentem.
208 4443 336 4498 Buddim.
355 4442 376 4496 1.
397 4459 424 4511 p.
442 4447 499 4496 260.
522 4441 644 4495 Strurins
664 4439 810 4519 deDeclin.
830 4443 858 4519 et
876 4438 986 4559 (ioniup
1005 4454 1032 4517 p.
1050 4440 1107 4491 201.
1122 4436 1231 4493 Ramsb.

75 4508 90 4566 i·
105 4512 132 4563 62
165 4516 189 4576 2,
208 4517 233 4566 6.
260 4510 314 4565 alii.
333 4509 437 4565 Wakef.
456 4509 491 4564 ad
508 4509 584 4563 Lucr.
603 4510 640 4576 Il,
661 4511 718 4563 506.
747 4509 828 4561 atram
847 4524 873 4561 m
892 4506 947 4559 rlhs
976 4522 1043 4567 ocrs,
1079 4522 1127 4559 uos
1150 4522 1231 4575 supra

23 4655 24 4658 ψ
97 4553 672 4716 66666666.
686 4574 1103 4714 urescere„
1127 4589 1234 4704 66
