2872 4980
221 213 281 275 320
574 209 612 275 P.
635 207 822 275 VERGILI
840 207 1041 275 MARONIS

221 373 266 439 Et
287 374 408 440 circum
428 373 549 439 Hiades
570 374 691 439 crinem
714 372 864 440 demere
888 374 1025 459 solutae;

220 457 395 523 Inferimus
415 457 527 545 tepido
550 459 734 544 spumantia
756 457 886 559 cymbia
907 457 991 524 lacte

221 538 394 626 Sanguinis
416 550 448 606 66
470 542 555 606 sacri
576 550 708 629 pateras
730 564 936 629 ammamque
958 538 1134 628 sepulchro

220 621 401 690 Oondimus
423 634 454 690 et
475 647 594 724 magna
617 648 654 690 sn
678 647 801 691 remum
822 647 904 691 voce
925 627 1055 690 ciemus.

303 705 392 786 Inde,
413 707 470 774 ubi
491 707 640 796 prrmafi
665 730 700 772 es
722 708 840 796 pelago
860 707 1056 796 placataque
1076 706 1168 771 venti

245 990 369 1040 reseas,
386 989 440 1028 non
459 974 550 1028 nativo
568 974 664 1038 colore,
683 972 731 1027 scd
748 974 812 1043 quis
828 973 907 1027 arbor
923 972 1042 1028 funebris
1060 975 1110 1026 est.
1145 969 1219 1039 (Vid.
1240 967 1380 1024 66666666

218 993 1381 1175 16666666666666666616

220 1127 407 1231 6166666616
433 1151 498 1231 uei.
526 1176 563 1240 X,
592 1179 647 1233 114.
680 1151 777 1257 Ipollo
803 1175 838 1230 ad
856 1147 1029 1244 ilypsirissum
1050 1175 1077 1229 in
1099 1175 1225 1229 arborem
1241 1147 1381 1228 ’16616666

218 1246 264 1298 Lu
283 1246 359 1299 chere
376 1246 462 1308 66616,
480 1245 648 1313 brachiaque
665 1245 738 1297 aiace
755 1244 899 1312 aderisque
915 1243 1075 1311 tepentibus,
1088 1244 1190 1311 166611,
1203 1244 1232 1295 66
1243 1257 1286 1310 ap.
1301 1239 1380 1300 Claud.

220 1312 252 1366 R.
294 1329 346 1366 ros.
364 1312 400 1376 11,
421 1315 477 1367 108.
496 1310 613 1365 tumulos
630 1319 734 1365 1661666
753 1328 896 1381 capream
914 1313 1146 1365 commemoratur.
1176 1309 1271 1363 Servio
1288 1313 1380 1363 666666

220 1380 302 1445 (intra
319 1379 353 1434 ad
371 1396 395 1434 v.
415 1382 484 1446 680.)
504 1395 645 1448 cupressus
670 1380 747 1444 „idco
768 1379 883 1432 mortuis
907 1383 1090 1441 consecratur,
1113 1376 1186 1447 quod
1209 1392 1289 1431 caesa
1314 1374 1380 1430 semel

219 1448 305 1501 nescit
322 1448 454 1502 renasci.“
488 1446 577 1500 Aliam
593 1463 702 1501 causam
722 1447 805 1516 (quod
821 1446 879 1499 Diti
897 1462 974 1500 sacra
994 1446 1041 1512 sit)
1065 1444 1147 1499 affert
1169 1443 1241 1498 Plin.
1260 1444 1335 1504 XVI,
1349 1445 1381 1504 a,

221 1518 260 1569 60.
288 1546 321 1555 -
344 1513 389 1575 65.
418 1515 567 1577 Iliades,
594 1517 733 1568 matronae
759 1514 900 1579 Troianae,
924 1515 1046 1567 crinem
1073 1514 1205 1567 solatae
1226 1512 1292 1579 (616.
1314 1510 1380 1571 adl.

219 1585 290 1647 480.)
317 1582 495 1636 circumstant
520 1581 655 1635 tumulum
681 1581 857 1652 plangentes,
883 1581 1072 1636 lamentantes.
1109 1580 1153 1635 01.
1178 1582 1246 1633 666.
1278 1579 1327 1641 XI,
1349 1581 1380 1632 3⁵.

219 1651 266 1705 ubi
284 1649 376 1703 cadem
391 1650 473 1704 verba
491 1650 631 1703 iterantur.
652 1649 743 1704 Burni.
767 1666 823 1703 com
844 1653 905 1703 arat
921 1648 996 1704 Ovio.
1016 1649 1091 1703 Fast.
1109 1647 1149 1701 IV
1154 1690 1162 1716 ,
1181 1651 1253 1711 854,
1276 1651 1390 1700 Maesa.

220 1718 297 1771 Acca
314 1717 523 1798 6616666666,
541 1717 643 1771 666166.
656 1717 731 1778 XIII,
745 1721 804 1773 688.
844 1719 988 1797 ffaaaeque
1004 1734 1097 1770 666666
1113 1724 1139 1769 ct
1156 1724 1274 1837 ppeaac
1288 1721 1381 1837 perun

218 1793 319 1839 matres
337 1803 362 1837 ss
400 1787 493 1854 ficara
513 1785 621 1838 1661666.
645 1814 677 1823 -
695 1788 847 1840 demore.
873 1785 1063 1839 V1d.1nirav.
1083 1786 1140 1838 369.
1179 1785 1272 1847 ,318
1305 1782 1334 1849 V,
1349 1784 1380 1833 51.

218 1853 251 1916 V,
270 1857 312 1907 96.
372 1893 378 1916 ,
398 1856 438 1908 39.
452 1852 527 1916 VIII,
546 1856 604 1906 544.
621 1851 668 1916 XI,
688 1856 728 1907 35.
747 1854 789 1908 Sic
807 1871 840 1907 66
857 1870 932 1906 more
943 1852 975 1916 V,
988 1855 1045 1906 244.
1063 1851 1139 1915 VIII,
1163 1853 1230 1911 186,
1248 1851 1278 1904 66
1295 1865 1380 1903 morere

218 1919 252 1985 V,
271 1922 329 1974 556.
351 1919 426 1985 VIII,
444 1923 502 1974 223.
522 1922 550 1974 66
568 1937 642 1974 more
659 1921 816 1991 simpliciter
832 1920 879 1985 IV,
897 1923 955 1974 551.
972 1919 1023 1986 VI,
1042 1921 1099 1973 282.
1118 1919 1186 1985 VH,
1210 1922 1270 1972 204.
1293 1921 1339 1972 ete.
1353 1945 1379 1954 -

219 1987 263 2049 66.
283 1988 477 2052 laeserimus.
502 1987 623 2054 Interre,
642 1988 829 2058 ἐπιφέρεσθαι
842 1987 923 2056 χοάς,
944 1987 1055 2041 uerbum
1072 1986 1213 2054 proprium
1235 1986 1308 2041 6611
1340 1984 1382 2038 ori·

218 2055 270 2109 bus
289 2058 377 2125 (aqua,
396 2055 475 2119 lacte,
494 2056 567 2118 vinc,
587 2056 727 2125 sanguinei
749 2056 794 2124 qui
811 2056 869 2110 Diis
887 2055 1011 2109 Manibus
1029 2054 1164 2118 libantur;
1183 2054 1257 2108 unde
1275 2056 1305 2106 in
1320 2053 1381 2106 mus

219 2140 315 2177 nomen
337 2121 447 2177 habent.
482 2122 542 2177 Vid.
564 2124 630 2178 666.
652 2124 689 2186 V,
712 2126 771 2176 652.
801 2122 891 2177 ΡΙ666.
915 2123 1036 2188 Curcl,
1056 2125 1084 2184 1⁵,
1106 2119 1380 2179 1106666611,

219 2195 277 2245 569.
297 2193 360 2245 cett.
378 2189 464 2244 Tbiel.
481 2190 575 2245 laudat
591 2191 727 2259 Musgrar.
747 2190 782 2244 66
799 2190 833 2244 So
852 2189 878 2245 h.
897 2190 989 2259 Antig.
1010 2193 1065 2244 191.
1089 2192 1118 2242 66
1136 2188 1216 2242 Voss.
1236 2189 1273 2244 ad
1289 2189 1345 2268 oso:
1376 2231 1381 2239 .

219 2261 278 2313 916.
312 2257 389 2312 6666
406 2258 493 2313 Stanl.
510 2259 545 2312 66
561 2257 656 2312 66666.
673 2257 747 2312 Pers.
768 2262 826 2312 609.
866 2257 999 2312 6166666
1018 2257 1053 2310 Sc
1072 2255 1100 2308 h.
1113 2256 1180 2311 Ant.
1192 2260 1253 2312 421.
1272 2258 1347 2311 llam
1375 2293 1381 2305 .

219 2326 253 2380 ad
280 2325 422 2395 Iryphiod.
446 2328 502 2379 605.
525 2328 553 2380 66
575 2326 648 2380 Cori.
674 2325 708 2380 66
732 2325 832 2380 Lucan.
856 2325 895 2390 Π,
921 2327 976 2379 116.
997 2356 1031 2365 -
1052 2273 1077 2378 g
1099 2325 1221 2378 mbium
1241 2325 1381 2394 poculorum

239 2410 304 2448 enus
322 2396 372 2461 est,
451 2394 501 2447 bae
525 2393 624 2456 simile,
645 2394 725 2448 oblon
813 2395 841 2448 et
862 2396 1015 2462 angustum.
1051 2393 1094 2445 6.
1116 2392 1255 2460 imprimis
1276 2390 1380 2446 6166666.

219 2411 276 2516 gat.
295 2461 327 2525 V,
346 2465 386 2515 21.
429 2477 490 2515 arro
512 2477 555 2530 ap.
575 2461 693 2515 Nonium
761 2465 825 2525 ,21.
854 2461 919 2515 666.
941 2460 979 2522 V,
1003 2463 1063 2514 261.
1085 2460 1207 2514 Maroni.
1228 2460 1308 2522 VIII,
1324 2460 1382 2520 61.

220 2531 282 2583 cett.
301 2559 334 2567 —
352 2537 381 2582 16
410 2527 580 2590 16616616,
600 2545 690 2583 recens
709 2529 819 2597 mulcto,
837 2529 855 2583 i.
877 2546 902 2600 q.
925 2528 953 2581 16
970 2527 1103 2581 similibus
1124 2527 1192 2581 locis
1219 2527 1278 2582 aci
1297 2526 1332 2589 V,
1346 2527 1381 2577 61.

219 2595 276 2659 (ubi
296 2596 349 2649 vid.
367 2546 483 2663 aluott.)
502 2599 530 2649 et
546 2597 610 2649 Aen.
628 2596 654 2648 V
680 2597 908 2651 1816666666.
943 2595 984 2649 Cf.
1008 2596 1090 2649 etiam
1108 2594 1223 2649 Thwcr.
1248 2595 1285 2658 V,
1303 2598 1333 2648 53
1348 2608 1381 2661 sq.

219 2664 348 2717 Imitatus
375 2666 417 2718 ost
441 2662 512 2716 hunc
534 2662 622 2716 locum
644 2637 771 2733 (lalpurn.
794 2664 850 2719 Ecl.
877 2663 955 2731 VIII,
978 2665 1018 2718 68.
1046 2663 1108 2716 Dat
1126 2664 1294 2730 9666616666
1309 2660 1382 2715 Palu

270 2731 488 2800 maatiucymbia
505 2730 584 2784 16666.
601 2762 634 2770 -
652 2729 698 2791 67.
717 2731 901 2799 8666661616
917 2730 1019 2794 sacri,
1038 2730 1071 2784 66
1090 2729 1210 2784 victimis
1221 2746 1284 2784 sum
1302 2729 1330 2797 ti,
1345 2730 1381 2790 (61

218 2749 329 2864 illlata)
353 2806 509 2868 pateras,
532 2798 670 2866 sanguinis
692 2799 794 2869 plenas.
829 2797 1119 2853 01666666661161.
1139 2797 1192 2860 IV,
1212 2802 1257 2852 24.
1317 2795 1381 2850 this

219 2865 290 2920 lacte
308 2867 337 2920 et
354 2864 498 2934 sanguine,
517 2864 555 2918 sic
572 2864 644 2919 inira
660 2865 693 2929 V,
713 2870 743 2919 11
763 2882 804 2936 sq.
828 2866 938 2928 lactes
1013 2866 1054 2920 'e
1078 2867 1107 2919 et
1123 2866 1200 2928 vino,
1222 2866 1281 2920 uel.
1300 2864 1330 2927 V,
1346 2866 1380 2916 66.

218 2933 296 2998 16666,
316 2933 377 2986 vino
395 2935 422 2986 et
439 2931 505 2994 olco,
524 2948 565 3001 ap.
584 2932 683 2986 Tibull.
702 2934 752 2997 ΠΙ,
771 2937 795 2995 2,
816 2938 855 2988 19.
873 2933 943 2987 lacte
960 2949 974 2987 e
1006 2933 1066 2987 vino
1084 2933 1189 2987 libatur
1206 2934 1338 2989 Manibus
1354 2960 1381 2970 -

218 3003 358 3055 animam
381 3001 538 3069 sepulcro
567 3003 741 3055 condimus
768 3002 852 3072 Heyn.
878 3001 1005 3071 explicat:
1035 3001 1148 3067 ,Manes
1174 3001 1328 3079 placamus,
1355 3001 1381 3051 111

220 3070 304 3139 quieti
326 3084 390 3122 suae
412 3066 587 3121 reddantur*
623 3069 803 3137 Cogitandum
825 3072 868 3124 est
890 3069 960 3124 enim
983 3068 1016 3123 66
1041 3069 1090 3122 illa
1111 3072 1238 3124 veterum
1260 3070 1380 3138 opinions

219 3155 249 3192 cx
267 3154 320 3208 qua
339 3138 431 3190 Manes
449 3150 508 3189 cum
528 3151 557 3188 co
591 3135 680 3190 oribus
698 3137 725 3190 in
743 3138 871 3207 sepulcris
888 3137 988 3192 uersari
1006 3137 1184 3205 putabantur,
1204 3137 1272 3191 dum
1285 3148 1383 3204 corpora

218 3205 359 3284 putredine
381 3203 472 3283 soluta
493 3219 568 3257 essen
607 3205 687 3269 (unde
712 3205 811 3260 Mases
836 3205 948 3284 elicem,
973 3205 1098 3259 6661664
1201 3205 1208 3216 ”
1244 3207 1273 3259 et
1292 3201 1383 3283 similia

218 3271 614 3409 {illiberabiliter}
628 3272 799 3420 6161161
817 3270 1383 3418 1166611616166161

217 3406 268 3469 VI,
290 3409 338 3460 325
362 3423 419 3476 sqq.
443 3406 507 3459 Hor.
529 3406 584 3461 Sat.
603 3407 632 3471 I,
652 3412 677 3469 8,
697 3411 738 3462 29.
764 3407 863 3462 166611.
885 3408 911 3472 Ι,
930 3410 959 3469 2,
976 3411 1018 3460 41.
1043 3408 1092 3472 (rbi
1111 3421 1146 3459 ue
1162 3405 1298 3477 Interpp.)
1314 3402 1382 3460 066

218 3473 283 3526 Met.
303 3473 364 3538 VH,
384 3477 442 3528 206.
459 3473 532 3527 l'ast.
551 3475 583 3535 V,
602 3478 659 3530 451,
680 3475 765 3530 Thicl.
782 3478 811 3530 et
827 3476 917 3529 Gossr.
937 3473 972 3528 ad
989 3473 1016 3527 h.
1034 3473 1054 3527 l.
1090 3423 1152 3528 lid.
1170 3475 1258 3529 ctiam
1274 3474 1309 3529 ad
1325 3475 1383 3527 666

217 3539 268 3604 IV,
287 3542 345 3594 489.
371 3569 403 3579 -
426 3557 605 3620 supremam
627 3542 702 3622 prius
722 3558 782 3596 cum
799 3542 899 3597 Thielio
919 3558 966 3621 pro
982 3540 1078 3595 66666.
1097 3540 1206 3596 Obiecti
1229 3541 1327 3595 habui:
1343 3557 1384 3594 su·

218 3608 1385 3755 6616166666191116661166166666

145 3804 148 3814 Ι
217 3743 334 3798 formula
354 3758 396 3796 usi
424 3741 549 3797 videntur
573 3744 645 3799 iusta
667 3745 748 3799 alicui
772 3745 909 3800 iacientes.
932 3744 984 3811 (Cf.
1007 3744 1080 3799 Seru.
1103 3743 1224 3798 66166
1252 3747 1280 3799 et
1301 3744 1334 3798 ad
1350 3741 1383 3805 Π,

218 3814 276 3865 644.
294 3811 379 3880 Hcyu.
398 3810 433 3865 ad
450 3810 548 3865 TibulI.
567 3812 621 3876 ΙΠ,
642 3817 669 3878 1,
694 3817 732 3867 15.
756 3815 784 3867 66
808 3811 981 3868 Kirchmann.
1006 3811 1039 3866 66
1057 3812 1145 3866 lucer.
1164 3812 1217 3875 ΠΙ,
1235 3814 1272 3877 9.)
1295 3811 1386 3866 Nescio

217 3883 318 3944 tamen,
336 3895 371 3933 an
390 3878 505 3943 Servius,
523 3896 603 3948 quem
623 3880 743 3950 sequitur
763 3881 927 3951 Conington,
946 3880 1046 3934 rectius
1062 3879 1257 3934 adverbialiter
1272 3879 1386 3949 posituro

268 4056 275 4068 .
325 4035 344 4070 a
391 4055 397 4067 .
638 4033 652 4069 r
736 4060 741 4071 .
864 4059 870 4071 .
924 4033 947 4070 v.
983 4057 989 4079 ,
1020 4057 1027 4080 ,
1086 4054 1103 4078 .,
1236 4056 1243 4068 .

218 4086 360 4147 memorat,
384 4084 440 4136 tres
461 4080 543 4136 trisse
564 4083 786 4139 conclamationes
808 4085 851 4139 uel
873 4084 963 4155 potius
983 4082 1190 4137 acchmationcs
1213 4086 1391 4142 mortuorum.

216 4152 332 4219 primam
357 4150 449 4204 statim
472 4152 535 4218 post
559 4166 696 4205 excessum
719 4151 855 4214 defuncti,
878 4152 991 4206 alteram
1017 4150 1050 4205 ad
1071 4166 1179 4219 rogum,
1202 4151 1314 4205 tertiam
1329 4151 1397 4219 post·

217 4226 325 4288 peracta
342 4217 441 4272 tumuli
457 4217 605 4272 sollemnia.
640 4219 679 4273 De
696 4218 746 4272 hac
763 4219 845 4274 tertia
862 4222 890 4275 66
904 4234 1030 4289 suprema
1045 4218 1240 4273 acclamatione
1257 4217 1303 4272 hic
1318 4216 1399 4285 cogi-

217 4287 340 4341 tandum.
374 4284 435 4338 Vid.
461 4285 543 4338 etiam
566 4285 670 4340 adnott.
692 4285 727 4340 66
752 4287 818 4342 Aen.
842 4288 865 4355 Ι,
886 4291 942 4342 219.
970 4286 1007 4349 11,
1034 4290 1094 4340 644.
1118 4316 1150 4325 -
1174 4296 1398 4354 6666666666

217 4356 349 4417 cismar,
375 4355 407 4406 66
427 4353 479 4417 VI,
502 4356 560 4407 506.
581 4372 680 4423 mapsa
704 4355 802 4409 Mones
824 4362 865 4408 ter
891 4372 956 4409 coca
976 4355 1081 4408 vocavi.
1116 4354 1161 4408 Ita
1182 4353 1232 4409 Sil
1254 4354 1307 4416 IV,
1330 4355 1399 4406 272·

219 4424 339 4476 clamore
356 4422 434 4475 ciere.
470 4421 581 4490 Saepius
598 4422 711 4491 simplex
727 4423 799 4476 ciere
821 4439 870 4491 pro
889 4439 982 4478 vocare
1000 4421 1118 4491 ponitur.
1153 4420 1216 4476 Vid.
1240 4421 1307 4476 666.
1328 4416 1397 4475 vu.

220 4493 277 4543 115.
295 4488 355 4543 Val.
375 4488 416 4541 Fl.
434 4487 482 4550 IV,
502 4493 558 4544 549.
577 4489 653 4545 Ouid.
674 4489 814 4555 166611,
832 4493 971 4545 4846666.
996 4521 1029 4530 -
1050 4488 1088 4550 69
1105 4505 1163 4560 sqq.
1185 4490 1255 4545 Vere
1271 4490 1398 4543 incauto,

218 4557 264 4609 ubi
288 4557 374 4610 denuo
397 4555 492 4626 incipit
516 4557 669 4627 navigatio,
695 4573 776 4612 nares
798 4574 891 4612 rursus
912 4556 1123 4613 conscendimus.
1145 4587 1179 4597 -
1200 4557 1259 4611 abi
1277 4557 1393 4628 prin?

216 4625 316 4689 fides
328 4624 462 4695 peloso,
480 4638 540 4678 cum
557 4627 674 4693 primum
691 4625 736 4692 (61.
756 4625 859 4682 adnott.
877 4627 912 4682 ad
929 4627 996 4682 666.
1014 4625 1062 4689 Ν,
1083 4628 1152 4694 118.)
1167 4624 1264 4695 pelago
1283 4618 1387 4678 confide
