2648 4966
384 878 898 969 -ltvffldfllhhdhffl

332 1066 987 1203 AENEIS.

489 1287 625 1355 hIBlllt
647 1288 825 1357 PRIMUS.

553 1458 761 1468 --

459 1569 853 1657 secundulum

107 1734 285 1815 Postquam
311 1738 406 1790 auctor
423 1739 506 1793 totius
524 1740 649 1794 carminis
668 1743 857 1820 argumentum
879 1739 971 1808 paucis
989 1737 1110 1808 exposuit
1127 1741 1241 1803 (1-7.)

40 1807 71 1856 et
93 1805 222 1857 Musam
245 1805 382 1858 mrocavit
405 1809 540 1872 (9-11h,
563 1807 629 1862 haec
655 1810 739 1861 camt:
769 1810 886 1868 Aeneas,
919 1806 1051 1860 Anchisae
1078 1810 1106 1859 et
1131 1805 1242 1859 Veneris

40 1870 141 1938 filius,
166 1871 215 1924 vir
238 1872 373 1940 singulari
401 1873 502 1942 pictate
531 1879 560 1930 ct
587 1875 745 1930 fortitudine
765 1875 915 1944 praeditus,
946 1875 992 1943 qui
1016 1874 1095 1927 Troia
1111 1878 1190 1942 capta
1213 1876 1241 1927 et

43 1955 152 1993 eversa
179 1955 285 1992 novam
329 1939 427 1994 atriam
455 1958 586 2011 quaerens
608 1944 662 1997 hm
687 1947 790 2022 septem
811 1960 894 1996 annos
940 1957 969 1996 er
995 1941 1079 1994 maria
1101 1944 1241 2009 terrasque

45 2007 189 2068 errabat,
219 2021 238 2059 a
259 2006 288 2060 si
326 2008 332 2019 “
376 2008 404 2060 ἰιι
429 2008 538 2064 Itaham
561 2011 691 2079 navigans
714 2011 834 2064 immissa
855 2011 890 2064 ab
936 2009 992 2062 eolo
1016 2014 1113 2076 rogatu
1132 2009 1241 2062 Iunonis

46 2073 190 2128 Troianis
211 2073 404 2130 infestissimae
424 2077 584 2143 gravissima
605 2080 768 2147 tempestate
789 2077 824 2132 ad
846 2077 976 2146 Libycum
1005 2075 1072 2129 litus
1095 2075 1242 2144 appellitur

48 2143 243 2206 (12456),
272 2144 300 2195 et
323 2159 447 2222 egressm
468 2145 495 2197 iu
526 2148 627 2200 terram
649 2148 753 2215 septem
782 2146 899 2214 ingentis
926 2142 1121 2212 magnitudinis
1151 2159 1241 2197 cervos

50 2209 176 2278 sagittis
229 2213 358 2263 rostermt
383 2211 555 2282 singulosque
584 2213 611 2266 in
638 2212 759 2282 singulas
788 2229 869 2266 nares
900 2214 953 2279 (tot
975 2211 1045 2265 enim
1071 2227 1101 2265 er
1121 2210 1242 2280 dispersa

53 2277 152 2356 classe
175 2225 336 2355 collegerat)
358 2279 508 2358 aequaliter
535 2279 675 2334 distribuit
701 2284 887 2346 (157-19ῖ.);
918 2278 1012 2333 deinde
1042 2278 1126 2351 socios
1153 2278 1241 2358 longis

55 2361 116 2398 ram
132 2345 290 2423 ,erroribus
316 2344 457 2414 fatigatos,
487 2346 552 2401 dum
579 2363 689 2416 corpora
717 2350 813 2428 amant
842 2351 869 2401 et
898 2349 961 2467 qost
990 2362 1099 2399 coenam
1129 2361 1242 2426 amissos

57 2413 460 2558 {afflictata
477 2418 568 2536 tlt
582 2412 1242 2551 lethechhrtrttritsqttdth

58 2546 126 2600 adit
150 2549 327 2626 queriturque
350 2563 428 2601 casus
445 2550 549 2604 Aeneae
568 2550 618 2612 sui,
644 2551 762 2604 omnium
785 2549 972 2604 calamitatum
999 2547 1107 2603 illarum
1135 2549 1242 2618 culpam

58 2615 181 2689 lunonis
201 2612 316 2669 invidiae
332 2616 497 2680 attribueus3
515 2618 619 2686 Iupiter
636 2621 728 2671 autem
746 2618 804 2672 fata
820 2619 925 2671 Aeneae
948 2617 1057 2685 eiusque
1075 2619 1242 2685 posterorum

60 2683 189 2736 breuiter
259 2697 340 2736 ouans
362 2700 376 2735 s
432 2683 519 2738 felicis
535 2685 705 2754 posteritatis
722 2685 909 2755 potentiaeque
927 2683 1107 2737 Romanorum
1124 2683 1242 2738 dolorem

60 2749 234 2803 hlheconso
263 2750 352 2803 taret
392 2751 525 2806 arcarium
542 2751 574 2806 de
593 2751 666 2807 caclo
680 2752 774 2816 mittit,
793 2757 825 2807 ut
841 2753 962 2806 Troianis
979 2751 1242 2820 Carthaginiensium

63 2816 221 2885 hospitium
238 2821 316 2885 paret
333 2821 516 2897 (223404).
539 2820 603 2874 llius
625 2820 744 2874 oratioue
766 2820 925 2873 confirmata
947 2819 1038 2873 Venus
1063 2822 1170 2889 postero
1198 2819 1241 2871 die

63 2887 177 2938 Aeuom
200 2884 319 2938 locorum
338 2902 433 2954 ignaro
454 2890 483 2941 et
504 2886 681 2957 explorandae
703 2888 818 2957 regionis
840 2903 922 2941 causa
947 2885 999 2941 huc
1022 2886 1087 2940 illuc
1105 2887 1241 2940 oberranti

64 2952 215 3006 venatricis
232 2951 329 3006 habitu
345 2970 404 3008 sese
421 2954 526 3008 obviam
544 2955 668 3025 praebet,
688 2972 769 3010 naves
789 2955 923 3024 dispersas
940 2954 1030 3008 salvas
1048 2970 1105 3008 asse
1123 2955 1241 3015 nuntiat,

64 3019 191 3074 ostendit
208 3035 261 3072 nou
279 3021 372 3089 procul
389 3020 451 3076 inde
468 3023 561 3077 abesse
574 3022 774 3092 Carthaginem,
793 3039 914 3091 cumque,
933 3024 964 3075 ut
974 3020 1104 3075 Didonem
1122 3021 1242 3090 reginam

65 3089 94 3141 in
114 3086 257 3141 condenda
273 3088 338 3142 urbe
356 3092 513 3158 occupatam
529 3091 599 3143 hono
618 3091 707 3144 animo
725 3091 813 3152 adeat,
833 3090 959 3143 hortatur
976 3092 1150 3156 litt-4093.
1178 3088 1242 3142 Sero

66 3172 85 3209 a
107 3155 164 3208 hlio
185 3155 281 3223 agnita
306 3154 428 3225 Paphum
450 3158 521 3222 abit,
544 3158 647 3212 Aeneas
669 3162 760 3212 autem
782 3158 877 3211 matris
899 3156 1026 3212 beneficio
1044 3155 1127 3210 densa
1144 3156 1243 3209 nebula

65 3222 249 3276 circumfusus
267 3239 321 3277 una
338 3239 399 3277 curn
415 3225 517 3279 Achate
534 3225 728 3293 Carthaginem
746 3225 910 3293 ingreditur,
934 3225 981 3279 ubi
997 3241 1103 3304 pugnae
1125 3224 1160 3278 ad
1178 3224 1242 3277 Tro-

66 3291 124 3344 iam
151 3289 322 3354 commissae,
354 3307 420 3361 quas
449 3293 516 3347 artis
539 3309 588 3362 opo
609 3294 637 3346 in
662 3293 762 3362 templo
785 3293 890 3346 effictas
918 3292 1059 3360 conspicit,
1083 3308 1187 3345 omnem
1211 3308 1242 3344 er

66 3358 159 3412 mimo
187 3359 245 3412 eius
270 3357 377 3428 pellunt
406 3363 507 3414 metum
538 3364 720 3427 (clo-leat.
747 3359 799 3413 Hic
817 3360 898 3413 eham
926 3360 1015 3430 salros
1043 3360 1142 3429 reperit
1161 3359 1242 3413 duces

66 3425 180 3479 narium
201 3425 376 3480 Troianamrn
397 3426 424 3480 in
447 3428 527 3482 aliam
549 3428 636 3481 litoris
677 3431 764 3481 artem
792 3427 951 3491 eiectarum,
980 3427 1026 3496 qui
1051 3430 1243 3498 conquerentes

68 3492 196 3546 iniuriam
223 3509 240 3547 a
267 3493 357 3548 litoris
385 3495 542 3549 custodibus
577 3495 629 3549 sibi
656 3445 758 3549 Factam
789 3511 806 3548 a
834 3493 937 3549 Didone
971 3495 1086 3563 benigno
1115 3512 1157 3548 res
1177 3511 1242 3548 onso

68 3560 213 3629 placantur
242 3565 417 3629 (494-578.).
437 3563 495 3616 Iam
525 3563 628 3616 Aeneas
654 3565 735 3632 rupta
764 3562 848 3624 nube,
879 3577 933 3631 qua
963 3565 1022 3616 erat
1050 3512 1241 3624 circumlatus,

87 3627 160 3681 rodit
182 3629 210 3682 in
237 3632 424 3697 conspectum,
451 3629 555 3684 salutat
577 3629 708 3683 Didonem
730 3632 758 3683 et
777 3631 898 3698 receptos
917 3630 1000 3682 socios
1018 3633 1098 3698 atque
1116 3646 1133 3683 a
1150 3630 1243 3698 regina

100 3696 183 3763 nigne
206 3696 262 3750 cxci
281 3697 345 3759 itur,
366 3713 433 3767 quae
451 3697 561 3751 advenis
571 3713 683 3752 munera
700 3697 787 3750 mittit
806 3699 833 3749 et
853 3696 881 3748 in
898 3695 999 3775 palatio
1017 3712 1031 3749 e
1050 3696 1111 3749 uias
1129 3697 1242 3750 instruit

64 3766 244 3843 (tit-tm.
262 3713 367 3818 {eneas
385 3764 529 3819 Ascanium
546 3763 633 3844 hlium
650 3780 664 3818 c
682 3765 795 3844 nauibus
811 3762 910 3844 adduci
926 3763 1021 3843 intret&
1032 3713 1123 3844 lenus
1141 3768 1241 3843 autem,

61 3847 136 3951 qun?
145 3831 463 3969 mco-gmftffiessqenqrjqrinw
470 3831 846 3955 Rmrflfflfflishgssfflo
853 3830 1243 3977 etprssulssgbguffiiqlqsssansqqe

63 3967 173 4028 stituit,
196 3967 242 4036 qui
272 3966 343 4019 inter
368 3983 412 4020 am
431 3967 505 4022 lexus
528 3970 557 4021 et
579 3966 671 4022 oscula
696 3968 803 4046 reginae
827 3966 946 4020 animum
968 3982 1057 4020 amore
1079 3965 1183 4039 Aeneae
1200 3981 1242 4018 rn-

62 4033 166 4088 cendat
196 4037 385 4098 (Mt-titt.
440 4036 482 4089 eui
502 4051 535 4090 ue
553 4035 638 4088 initur
664 4036 814 4089 convivium
845 4050 862 4088 a
891 4034 995 4088 Didone
1025 4033 1182 4085 institutum
1215 4035 1242 4085 et

62 4104 171 4157 Aeneas
184 4102 220 4156 ab
237 4118 271 4157 ea
287 4105 406 4172 rogatur,
425 4106 456 4157 ut
492 4103 563 4158 roias
574 4101 703 4158 excidium
722 4106 749 4157 et
763 4118 866 4157 errores
879 4117 941 4156 suos
954 4102 1060 4154 enarret
1077 4103 1242 4168 (cac—756).

464 4348 603 4357 -ua-..0-..00
631 4353 640 4355 >
