<?xml version="1.0" encoding="UTF-8"?>
<!DOCTYPE html PUBLIC "-//W3C//DTD XHTML 1.0 Transitional//EN"
    "http://www.w3.org/TR/xhtml1/DTD/xhtml1-transitional.dtd">
<html xmlns="http://www.w3.org/1999/xhtml" xml:lang="en" lang="en">
 <head>
  <title>
</title>
<meta http-equiv="Content-Type" content="text/html;charset=utf-8" />
  <meta name='ocr-system' content='tesseract 3.04.00' />
  <meta name='ocr-capabilities' content='ocr_page ocr_carea ocr_par ocr_line ocrx_word'/>
</head>
<body>
  <div class='ocr_page' id='page_1' title='image "./opera06virggoog_0686.png"; bbox 0 0 2858 4964; ppageno 0'>
   <div class='ocr_carea' id='block_1_1' title="bbox 190 197 1004 275">
    <p class='ocr_par' dir='ltr' id='par_1_1' title="bbox 190 197 1004 275">
     <span class='ocr_line' id='line_1_1' title="bbox 190 197 1004 275; baseline -0.014 -1"><span class='ocrx_word' id='word_1_1' title='bbox 190 214 250 275; x_wconf 84' lang='grc'>674</span> <span class='ocrx_word' id='word_1_2' title='bbox 540 203 576 267; x_wconf 87' lang='grc' dir='ltr'>Ρ.</span> <span class='ocrx_word' id='word_1_3' title='bbox 597 199 782 267; x_wconf 84' lang='lat' dir='ltr'><strong>VERGILI</strong></span> <span class='ocrx_word' id='word_1_4' title='bbox 802 197 1004 264; x_wconf 84' lang='lat' dir='ltr'>MARONIS</span> 
     </span>
    </p>
   </div>
   <div class='ocr_carea' id='block_1_2' title="bbox 184 363 1175 866">
    <p class='ocr_par' dir='ltr' id='par_1_2' title="bbox 184 363 1175 702">
     <span class='ocr_line' id='line_1_2' title="bbox 184 363 1160 454; baseline -0.009 -18"><span class='ocrx_word' id='word_1_5' title='bbox 184 372 307 436; x_wconf 86' lang='lat' dir='ltr'>Ramus</span> <span class='ocrx_word' id='word_1_6' title='bbox 331 369 474 434; x_wconf 88' lang='lat' dir='ltr'>humum.</span> <span class='ocrx_word' id='word_1_7' title='bbox 518 368 645 454; x_wconf 82' lang='lat' dir='ltr'>Tuque,</span> <span class='ocrx_word' id='word_1_8' title='bbox 667 389 695 444; x_wconf 89' lang='lat' dir='ltr'>o,</span> <span class='ocrx_word' id='word_1_9' title='bbox 717 365 826 431; x_wconf 86' lang='lat' dir='ltr'>dubiis</span> <span class='ocrx_word' id='word_1_10' title='bbox 848 389 889 430; x_wconf 88' lang='lat' dir='ltr'>ne</span> <span class='ocrx_word' id='word_1_11' title='bbox 908 365 1013 429; x_wconf 89' lang='lat' dir='ltr'>defice</span> <span class='ocrx_word' id='word_1_12' title='bbox 1035 363 1160 442; x_wconf 90' lang='lat' dir='ltr'>rebus,</span> 
     </span>
     <span class='ocr_line' id='line_1_3' title="bbox 184 450 1002 538; baseline -0.009 -20"><span class='ocrx_word' id='word_1_13' title='bbox 184 454 274 518; x_wconf 88' lang='lat' dir='ltr'>Diva</span> <span class='ocrx_word' id='word_1_14' title='bbox 295 453 462 538; x_wconf 83' lang='lat' dir='ltr'>parens!“</span> <span class='ocrx_word' id='word_1_15' title='bbox 505 451 560 515; x_wconf 90' lang='lat' dir='ltr'>Sic</span> <span class='ocrx_word' id='word_1_16' title='bbox 582 450 860 534; x_wconf 76' lang='lat' dir='ltr'>effatusvestigia</span> <span class='ocrx_word' id='word_1_17' title='bbox 880 451 1002 535; x_wconf 78' lang='lat' dir='ltr'>pressit</span> 
     </span>
     <span class='ocr_line' id='line_1_4' title="bbox 185 531 1175 622; baseline -0.007 -22"><span class='ocrx_word' id='word_1_18' title='bbox 185 536 383 609; x_wconf 87' lang='lat' dir='ltr'>Observans,</span> <span class='ocrx_word' id='word_1_19' title='bbox 407 557 489 622; x_wconf 90' lang='lat' dir='ltr'>quae</span> <span class='ocrx_word' id='word_1_20' title='bbox 511 535 606 618; x_wconf 88' lang='lat' dir='ltr'>signa</span> <span class='ocrx_word' id='word_1_21' title='bbox 626 534 740 610; x_wconf 85' lang='lat' dir='ltr'>ferant,</span> <span class='ocrx_word' id='word_1_22' title='bbox 762 555 825 618; x_wconf 90' lang='lat' dir='ltr'>quo</span> <span class='ocrx_word' id='word_1_23' title='bbox 847 531 981 595; x_wconf 86' lang='lat' dir='ltr'>tendere</span> <span class='ocrx_word' id='word_1_24' title='bbox 1005 538 1175 617; x_wconf 81' lang='lat' dir='ltr'>pergant.</span> 
     </span>
     <span class='ocr_line' id='line_1_5' title="bbox 184 614 932 702; baseline -0.005 -20"><span class='ocrx_word' id='word_1_25' title='bbox 184 620 360 683; x_wconf 79' lang='lat' dir='ltr'>Pascentes</span> <span class='ocrx_word' id='word_1_26' title='bbox 381 617 458 682; x_wconf 87' lang='lat' dir='ltr'>illae</span> <span class='ocrx_word' id='word_1_27' title='bbox 479 627 605 681; x_wconf 87' lang='lat' dir='ltr'>tantum</span> <span class='ocrx_word' id='word_1_28' title='bbox 625 614 759 702; x_wconf 87' lang='lat' dir='ltr'>prodire</span> <span class='ocrx_word' id='word_1_29' title='bbox 781 614 932 696; x_wconf 89' lang='lat' dir='ltr'>volando,</span> 
     </span>
    </p>

    <p class='ocr_par' dir='ltr' id='par_1_3' title="bbox 184 697 1114 866">
     <span class='ocr_line' id='line_1_6' title="bbox 186 697 1098 787; baseline -0.003 -22"><span class='ocrx_word' id='word_1_30' title='bbox 186 701 352 780; x_wconf 81' lang='lat' dir='ltr'>Quantum</span> <span class='ocrx_word' id='word_1_31' title='bbox 376 702 446 765; x_wconf 86' lang='lat' dir='ltr'>acie</span> <span class='ocrx_word' id='word_1_32' title='bbox 467 709 603 787; x_wconf 79' lang='lat' dir='ltr'>possent</span> <span class='ocrx_word' id='word_1_33' title='bbox 624 697 708 762; x_wconf 90' lang='lat' dir='ltr'>oculi</span> <span class='ocrx_word' id='word_1_34' title='bbox 731 720 863 763; x_wconf 87' lang='lat' dir='ltr'>servare</span> <span class='ocrx_word' id='word_1_35' title='bbox 886 706 1098 784; x_wconf 90' lang='lat' dir='ltr'>sequentum.</span> 
     </span>
     <span class='ocr_line' id='line_1_7' title="bbox 184 780 1114 866; baseline -0.003 -19"><span class='ocrx_word' id='word_1_36' title='bbox 184 783 266 849; x_wconf 88' lang='lat' dir='ltr'>Inde</span> <span class='ocrx_word' id='word_1_37' title='bbox 286 783 342 848; x_wconf 92' lang='lat' dir='ltr'>ubi</span> <span class='ocrx_word' id='word_1_38' title='bbox 365 806 486 848; x_wconf 87' lang='lat' dir='ltr'>venere</span> <span class='ocrx_word' id='word_1_39' title='bbox 508 783 551 847; x_wconf 90' lang='lat' dir='ltr'>ad</span> <span class='ocrx_word' id='word_1_40' title='bbox 572 783 682 846; x_wconf 90' lang='lat' dir='ltr'>sauces</span> <span class='ocrx_word' id='word_1_41' title='bbox 705 803 808 866; x_wconf 88' lang='lat' dir='ltr'>grave</span> <span class='ocrx_word' id='word_1_42' title='bbox 831 780 946 846; x_wconf 89' lang='lat' dir='ltr'>olentis</span> <span class='ocrx_word' id='word_1_43' title='bbox 965 781 1114 862; x_wconf 81' lang='lat' dir='ltr'>Averni,</span> 
     </span>
    </p>
   </div>
   <div class='ocr_carea' id='block_1_3' title="bbox 184 1097 1388 4473">
    <p class='ocr_par' dir='ltr' id='par_1_4' title="bbox 184 1097 1388 4473">
     <span class='ocr_line' id='line_1_8' title="bbox 188 1097 1388 1171; baseline -0.002 -16"><span class='ocrx_word' id='word_1_44' title='bbox 188 1118 229 1170; x_wconf 92' lang='lat' dir='ltr'>pr.</span> <span class='ocrx_word' id='word_1_45' title='bbox 250 1101 293 1154; x_wconf 86' lang='lat' dir='ltr'>Cf.</span> <span class='ocrx_word' id='word_1_46' title='bbox 307 1100 364 1156; x_wconf 88' lang='lat' dir='ltr'>eius</span> <span class='ocrx_word' id='word_1_47' title='bbox 377 1100 483 1171; x_wconf 84' lang='lat' dir='ltr'>Proleg.</span> <span class='ocrx_word' id='word_1_48' title='bbox 496 1119 521 1170; x_wconf 89' lang='lat' dir='ltr'>p.</span> <span class='ocrx_word' id='word_1_49' title='bbox 535 1104 594 1157; x_wconf 77' lang='lat'>402.</span> <span class='ocrx_word' id='word_1_50' title='bbox 617 1131 641 1139; x_wconf 89' lang='lat'>—</span> <span class='ocrx_word' id='word_1_51' title='bbox 654 1101 690 1153; x_wconf 79' lang='lat' dir='ltr'>in</span> <span class='ocrx_word' id='word_1_52' title='bbox 709 1099 824 1163; x_wconf 81' lang='lat' dir='ltr'>lucos,</span> <span class='ocrx_word' id='word_1_53' title='bbox 843 1099 912 1159; x_wconf 81' lang='lat' dir='ltr'>abi,</span> <span class='ocrx_word' id='word_1_54' title='bbox 932 1097 951 1151; x_wconf 88' lang='lat' dir='ltr'>i.</span> <span class='ocrx_word' id='word_1_55' title='bbox 966 1113 990 1151; x_wconf 87' lang='lat' dir='ltr'>e.</span> <span class='ocrx_word' id='word_1_56' title='bbox 1009 1098 1123 1151; x_wconf 89' lang='lat' dir='ltr'>ineam</span> <span class='ocrx_word' id='word_1_57' title='bbox 1138 1101 1260 1168; x_wconf 88' lang='lat' dir='ltr'>partem</span> <span class='ocrx_word' id='word_1_58' title='bbox 1273 1100 1388 1153; x_wconf 72' lang='lat' dir='ltr'>lttcom</span> 
     </span>
     <span class='ocr_line' id='line_1_9' title="bbox 187 1167 1385 1238; baseline -0.003 -15"><span class='ocrx_word' id='word_1_59' title='bbox 187 1180 219 1236; x_wconf 71' lang='lat' dir='ltr'>(s.</span> <span class='ocrx_word' id='word_1_60' title='bbox 238 1168 312 1234; x_wconf 86' lang='lat' dir='ltr'>luci),</span> <span class='ocrx_word' id='word_1_61' title='bbox 331 1169 376 1223; x_wconf 90' lang='lat' dir='ltr'>ubi</span> <span class='ocrx_word' id='word_1_62' title='bbox 394 1172 445 1224; x_wconf 90' lang='lat' dir='ltr'>cto.</span> <span class='ocrx_word' id='word_1_63' title='bbox 465 1199 498 1208; x_wconf 86' lang='lat'><em>-</em></span> <span class='ocrx_word' id='word_1_64' title='bbox 517 1176 648 1238; x_wconf 77' lang='lat' dir='ltr'>opacat.</span> <span class='ocrx_word' id='word_1_65' title='bbox 682 1167 797 1228; x_wconf 71' lang='lat' dir='ltr'>Peerlk,</span> <span class='ocrx_word' id='word_1_66' title='bbox 816 1182 876 1219; x_wconf 91' lang='lat' dir='ltr'>cum</span> <span class='ocrx_word' id='word_1_67' title='bbox 893 1182 962 1219; x_wconf 88' lang='lat' dir='ltr'>unus</span> <span class='ocrx_word' id='word_1_68' title='bbox 980 1181 1080 1219; x_wconf 82' lang='lat' dir='ltr'>ramus</span> <span class='ocrx_word' id='word_1_69' title='bbox 1103 1169 1138 1220; x_wconf 88' lang='lat' dir='ltr'>ct</span> <span class='ocrx_word' id='word_1_70' title='bbox 1157 1167 1318 1222; x_wconf 77' lang='lat' dir='ltr'><strong>admodum</strong></span> <span class='ocrx_word' id='word_1_71' title='bbox 1335 1185 1385 1235; x_wconf 77' lang='lat' dir='ltr'>prr·</span> 
     </span>
     <span class='ocr_line' id='line_1_10' title="bbox 185 1233 1384 1305; baseline 0 -16"><span class='ocrx_word' id='word_1_72' title='bbox 185 1253 235 1290; x_wconf 86' lang='lat' dir='ltr'>vus</span> <span class='ocrx_word' id='word_1_73' title='bbox 253 1238 344 1304; x_wconf 73' lang='lat' dir='ltr'>(cispa</span> <span class='ocrx_word' id='word_1_74' title='bbox 356 1253 381 1290; x_wconf 85' lang='grc'>1.</span> <span class='ocrx_word' id='word_1_75' title='bbox 397 1238 465 1301; x_wconf 78' lang='grc'>144.)</span> <span class='ocrx_word' id='word_1_76' title='bbox 484 1237 581 1303; x_wconf 78' lang='lat' dir='ltr'>exigua</span> <span class='ocrx_word' id='word_1_77' title='bbox 598 1236 694 1289; x_wconf 86' lang='lat' dir='ltr'>umbra</span> <span class='ocrx_word' id='word_1_78' title='bbox 714 1251 763 1288; x_wconf 88' lang='lat' dir='ltr'>sua</span> <span class='ocrx_word' id='word_1_79' title='bbox 780 1234 893 1288; x_wconf 88' lang='lat' dir='ltr'>humum</span> <span class='ocrx_word' id='word_1_80' title='bbox 913 1233 1025 1286; x_wconf 90' lang='lat' dir='ltr'>minime</span> <span class='ocrx_word' id='word_1_81' title='bbox 1045 1234 1146 1301; x_wconf 83' lang='lat' dir='ltr'><strong>possit</strong></span> <span class='ocrx_word' id='word_1_82' title='bbox 1166 1254 1310 1305; x_wconf 83' lang='lat' dir='ltr'>opacare,</span> <span class='ocrx_word' id='word_1_83' title='bbox 1328 1236 1384 1289; x_wconf 80' lang='lat' dir='ltr'>caui</span> 
     </span>
     <span class='ocr_line' id='line_1_11' title="bbox 186 1300 1384 1373; baseline -0.003 -15"><span class='ocrx_word' id='word_1_84' title='bbox 186 1306 264 1358; x_wconf 75' lang='lat' dir='ltr'>dioec</span> <span class='ocrx_word' id='word_1_85' title='bbox 281 1311 382 1373; x_wconf 81' lang='lat' dir='ltr'>opacat</span> <span class='ocrx_word' id='word_1_86' title='bbox 394 1305 487 1358; x_wconf 80' lang='lat' dir='ltr'><em>Arbor</em></span> <span class='ocrx_word' id='word_1_87' title='bbox 505 1305 621 1357; x_wconf 65' lang='lat' dir='ltr'>helmam.</span> <span class='ocrx_word' id='word_1_88' title='bbox 643 1303 694 1358; x_wconf 85' lang='lat' dir='ltr'>Sed</span> <span class='ocrx_word' id='word_1_89' title='bbox 713 1305 784 1356; x_wconf 87' lang='lat' dir='ltr'>recte</span> <span class='ocrx_word' id='word_1_90' title='bbox 802 1302 907 1370; x_wconf 68' lang='lat' dir='ltr'>Heyn..·</span> <span class='ocrx_word' id='word_1_91' title='bbox 924 1300 1127 1368; x_wconf 80' lang='lat' dir='ltr'>‚,cogitandus</span> <span class='ocrx_word' id='word_1_92' title='bbox 1149 1308 1199 1356; x_wconf 85' lang='lat' dir='ltr'>est</span> <span class='ocrx_word' id='word_1_93' title='bbox 1220 1321 1317 1357; x_wconf 85' lang='lat' dir='ltr'>ramus</span> <span class='ocrx_word' id='word_1_94' title='bbox 1334 1319 1384 1355; x_wconf 87' lang='lat' dir='ltr'>cun</span> 
     </span>
     <span class='ocr_line' id='line_1_12' title="bbox 186 1368 1384 1449; baseline -0.005 -24"><span class='ocrx_word' id='word_1_95' title='bbox 186 1371 327 1426; x_wconf 79' lang='lat' dir='ltr'>frondibus</span> <span class='ocrx_word' id='word_1_96' title='bbox 344 1374 372 1425; x_wconf 90' lang='lat' dir='ltr'>et</span> <span class='ocrx_word' id='word_1_97' title='bbox 390 1371 476 1434; x_wconf 85' lang='lat' dir='ltr'>foliis;</span> <span class='ocrx_word' id='word_1_98' title='bbox 504 1371 575 1433; x_wconf 86' lang='lat' dir='ltr'>huic,</span> <span class='ocrx_word' id='word_1_99' title='bbox 601 1371 654 1425; x_wconf 89' lang='lat' dir='ltr'>etsi</span> <span class='ocrx_word' id='word_1_100' title='bbox 671 1388 701 1424; x_wconf 83' lang='lat' dir='ltr'>er</span> <span class='ocrx_word' id='word_1_101' title='bbox 723 1386 797 1431; x_wconf 90' lang='lat' dir='ltr'>auro,</span> <span class='ocrx_word' id='word_1_102' title='bbox 829 1372 909 1437; x_wconf 75' lang='lat' dir='ltr'>poeta</span> <span class='ocrx_word' id='word_1_103' title='bbox 928 1368 1037 1434; x_wconf 80' lang='lat' dir='ltr'>tribuit,</span> <span class='ocrx_word' id='word_1_104' title='bbox 1070 1369 1155 1449; x_wconf 78' lang='lat' dir='ltr'>quod</span> <span class='ocrx_word' id='word_1_105' title='bbox 1186 1388 1336 1425; x_wconf 88' lang='lat' dir='ltr'>commune</span> <span class='ocrx_word' id='word_1_106' title='bbox 1351 1375 1384 1422; x_wconf 82' lang='lat' dir='ltr'>est</span> 
     </span>
     <span class='ocr_line' id='line_1_13' title="bbox 187 1437 1383 1506; baseline -0.003 -13"><span class='ocrx_word' id='word_1_107' title='bbox 187 1439 259 1493; x_wconf 90' lang='lat' dir='ltr'>omni</span> <span class='ocrx_word' id='word_1_108' title='bbox 278 1438 375 1502; x_wconf 88' lang='lat' dir='ltr'>frondi,</span> <span class='ocrx_word' id='word_1_109' title='bbox 403 1441 435 1492; x_wconf 92' lang='lat' dir='ltr'>ut</span> <span class='ocrx_word' id='word_1_110' title='bbox 459 1438 556 1492; x_wconf 89' lang='lat' dir='ltr'>umbra</span> <span class='ocrx_word' id='word_1_111' title='bbox 574 1437 692 1491; x_wconf 87' lang='lat' dir='ltr'>obducat</span> <span class='ocrx_word' id='word_1_112' title='bbox 709 1452 768 1490; x_wconf 91' lang='lat' dir='ltr'>eam</span> <span class='ocrx_word' id='word_1_113' title='bbox 786 1439 874 1490; x_wconf 86' lang='lat' dir='ltr'>terrae</span> <span class='ocrx_word' id='word_1_114' title='bbox 909 1441 1005 1496; x_wconf 87' lang='lat' dir='ltr'>artem,</span> <span class='ocrx_word' id='word_1_115' title='bbox 1036 1452 1084 1490; x_wconf 87' lang='lat' dir='ltr'>cur</span> <span class='ocrx_word' id='word_1_116' title='bbox 1111 1438 1278 1506; x_wconf 77' lang='lat' dir='ltr'>respondet</span> <span class='ocrx_word' id='word_1_117' title='bbox 1297 1455 1342 1492; x_wconf 86' lang='lat' dir='ltr'>suo</span> <span class='ocrx_word' id='word_1_118' title='bbox 1357 1438 1383 1490; x_wconf 83' lang='lat' dir='ltr'>sd</span> 
     </span>
     <span class='ocr_line' id='line_1_14' title="bbox 186 1453 1383 1585; baseline -0.003 -25"><span class='ocrx_word' id='word_1_119' title='bbox 186 1506 270 1560; x_wconf 87' lang='lat' dir='ltr'>solem</span> <span class='ocrx_word' id='word_1_120' title='bbox 288 1506 385 1575; x_wconf 87' lang='lat' dir='ltr'>positu.</span> <span class='ocrx_word' id='word_1_121' title='bbox 405 1505 442 1559; x_wconf 79' lang='lat' dir='ltr'>at</span> <span class='ocrx_word' id='word_1_122' title='bbox 461 1505 510 1559; x_wconf 88' lang='lat' dir='ltr'>hoe</span> <span class='ocrx_word' id='word_1_123' title='bbox 520 1509 590 1559; x_wconf 86' lang='lat' dir='ltr'>esto</span> <span class='ocrx_word' id='word_1_124' title='bbox 612 1513 677 1559; x_wconf 86' lang='lat' dir='ltr'>acat</span> <span class='ocrx_word' id='word_1_125' title='bbox 687 1505 824 1557; x_wconf 79' lang='lat' dir='ltr'>humum.“</span> <span class='ocrx_word' id='word_1_126' title='bbox 837 1535 870 1544; x_wconf 94' lang='lat'>-</span> <span class='ocrx_word' id='word_1_127' title='bbox 883 1453 1091 1585; x_wconf 43' lang='lat' dir='ltr'>filictefice.</span> <span class='ocrx_word' id='word_1_128' title='bbox 1116 1505 1164 1559; x_wconf 84' lang='lat' dir='ltr'>Oi.</span> <span class='ocrx_word' id='word_1_129' title='bbox 1176 1507 1290 1562; x_wconf 83' lang='lat' dir='ltr'>Tibull.</span> <span class='ocrx_word' id='word_1_130' title='bbox 1301 1507 1350 1567; x_wconf 87' lang='lat' dir='ltr'>lli,</span> <span class='ocrx_word' id='word_1_131' title='bbox 1364 1510 1383 1565; x_wconf 80' lang='lat' dir='ltr'>t,</span> 
     </span>
     <span class='ocr_line' id='line_1_15' title="bbox 186 1571 1382 1640; baseline -0.003 -13"><span class='ocrx_word' id='word_1_132' title='bbox 186 1577 225 1628; x_wconf 81' lang='lat'>20.</span> <span class='ocrx_word' id='word_1_133' title='bbox 262 1573 380 1626; x_wconf 74' lang='lat' dir='ltr'>Somnus</span> <span class='ocrx_word' id='word_1_134' title='bbox 396 1573 532 1626; x_wconf 77' lang='lat' dir='ltr'>sollicitos</span> <span class='ocrx_word' id='word_1_135' title='bbox 548 1574 581 1626; x_wconf 77' lang='lat' dir='ltr'>dc</span> <span class='ocrx_word' id='word_1_136' title='bbox 619 1574 642 1624; x_wconf 82' lang='lat' dir='ltr'>tt</span> <span class='ocrx_word' id='word_1_137' title='bbox 657 1580 720 1625; x_wconf 66' lang='lat' dir='ltr'>anm</span> <span class='ocrx_word' id='word_1_138' title='bbox 739 1575 843 1626; x_wconf 77' lang='lat' dir='ltr'>domus.</span> <span class='ocrx_word' id='word_1_139' title='bbox 873 1571 1019 1624; x_wconf 83' lang='lat' dir='ltr'>Detcrmus</span> <span class='ocrx_word' id='word_1_140' title='bbox 1039 1587 1111 1625; x_wconf 88' lang='lat' dir='ltr'>eum</span> <span class='ocrx_word' id='word_1_141' title='bbox 1133 1575 1206 1640; x_wconf 77' lang='lat' dir='ltr'>(vel,</span> <span class='ocrx_word' id='word_1_142' title='bbox 1252 1575 1307 1627; x_wconf 90' lang='lat' dir='ltr'>uod</span> <span class='ocrx_word' id='word_1_143' title='bbox 1324 1573 1382 1626; x_wconf 86' lang='lat' dir='ltr'>iden</span> 
     </span>
     <span class='ocr_line' id='line_1_16' title="bbox 187 1638 1382 1709; baseline -0.003 -15"><span class='ocrx_word' id='word_1_144' title='bbox 187 1643 237 1705; x_wconf 87' lang='lat' dir='ltr'>est,</span> <span class='ocrx_word' id='word_1_145' title='bbox 264 1641 392 1693; x_wconf 77' lang='lat' dir='ltr'>desumus</span> <span class='ocrx_word' id='word_1_146' title='bbox 418 1640 463 1706; x_wconf 84' lang='lat' dir='ltr'>ei),</span> <span class='ocrx_word' id='word_1_147' title='bbox 492 1640 534 1693; x_wconf 89' lang='lat' dir='ltr'>cui</span> <span class='ocrx_word' id='word_1_148' title='bbox 559 1640 744 1709; x_wconf 87' lang='lat' dir='ltr'>exspectatum</span> <span class='ocrx_word' id='word_1_149' title='bbox 762 1638 892 1692; x_wconf 85' lang='lat' dir='ltr'>auxilium</span> <span class='ocrx_word' id='word_1_150' title='bbox 910 1655 963 1691; x_wconf 90' lang='lat' dir='ltr'>uon</span> <span class='ocrx_word' id='word_1_151' title='bbox 980 1638 1114 1692; x_wconf 86' lang='lat' dir='ltr'>ierimus.</span> <span class='ocrx_word' id='word_1_152' title='bbox 1136 1671 1176 1680; x_wconf 92' lang='lat'>-</span> <span class='ocrx_word' id='word_1_153' title='bbox 1200 1641 1240 1703; x_wconf 77' lang='grc'>19</span> <span class='ocrx_word' id='word_1_154' title='bbox 1263 1687 1268 1696; x_wconf 92' lang='grc'>,</span> <span class='ocrx_word' id='word_1_155' title='bbox 1302 1641 1382 1694; x_wconf 79' lang='lat' dir='ltr'>Dies</span> 
     </span>
     <span class='ocr_line' id='line_1_17' title="bbox 185 1705 1380 1777; baseline -0.001 -16"><span class='ocrx_word' id='word_1_156' title='bbox 185 1725 319 1777; x_wconf 80' lang='lat' dir='ltr'>porcas.</span> <span class='ocrx_word' id='word_1_157' title='bbox 342 1706 477 1776; x_wconf 82' lang='lat' dir='ltr'>Antiquae</span> <span class='ocrx_word' id='word_1_158' title='bbox 495 1708 573 1762; x_wconf 84' lang='lat' dir='ltr'>editt.</span> <span class='ocrx_word' id='word_1_159' title='bbox 592 1708 724 1777; x_wconf 81' lang='lat' dir='ltr'>praebent</span> <span class='ocrx_word' id='word_1_160' title='bbox 741 1707 825 1760; x_wconf 79' lang='lat' dir='ltr'>Alam</span> <span class='ocrx_word' id='word_1_161' title='bbox 863 1722 952 1768; x_wconf 78' lang='lat' dir='ltr'>arene,</span> <span class='ocrx_word' id='word_1_162' title='bbox 970 1705 1043 1774; x_wconf 85' lang='lat' dir='ltr'>quod</span> <span class='ocrx_word' id='word_1_163' title='bbox 1062 1706 1185 1761; x_wconf 88' lang='lat' dir='ltr'>Pierius</span> <span class='ocrx_word' id='word_1_164' title='bbox 1207 1710 1236 1763; x_wconf 93' lang='lat' dir='ltr'>in</span> <span class='ocrx_word' id='word_1_165' title='bbox 1260 1710 1335 1763; x_wconf 83' lang='lat' dir='ltr'>Rom.</span> <span class='ocrx_word' id='word_1_166' title='bbox 1352 1708 1380 1771; x_wconf 67' lang='lat' dir='ltr'>(li</span> 
     </span>
     <span class='ocr_line' id='line_1_18' title="bbox 187 1725 1379 1851; baseline -0.001 -23"><span class='ocrx_word' id='word_1_167' title='bbox 187 1779 215 1828; x_wconf 88' lang='lat' dir='ltr'>et</span> <span class='ocrx_word' id='word_1_168' title='bbox 242 1775 302 1828; x_wconf 85' lang='lat' dir='ltr'>aliis</span> <span class='ocrx_word' id='word_1_169' title='bbox 319 1774 403 1830; x_wconf 82' lang='lat' dir='ltr'>Codd.</span> <span class='ocrx_word' id='word_1_170' title='bbox 429 1791 458 1827; x_wconf 87' lang='lat' dir='ltr'>se</span> <span class='ocrx_word' id='word_1_171' title='bbox 486 1775 617 1829; x_wconf 84' lang='lat' dir='ltr'>invenisse</span> <span class='ocrx_word' id='word_1_172' title='bbox 634 1776 760 1830; x_wconf 88' lang='lat' dir='ltr'>testatur.</span> <span class='ocrx_word' id='word_1_173' title='bbox 796 1725 922 1828; x_wconf 63' lang='lat' dir='ltr'>Ribiieck.</span> <span class='ocrx_word' id='word_1_174' title='bbox 942 1772 975 1826; x_wconf 89' lang='lat' dir='ltr'>de</span> <span class='ocrx_word' id='word_1_175' title='bbox 992 1771 1046 1851; x_wconf 74' lang='lat' dir='ltr'>bac</span> <span class='ocrx_word' id='word_1_176' title='bbox 1064 1774 1200 1829; x_wconf 85' lang='lat' dir='ltr'>lectione</span> <span class='ocrx_word' id='word_1_177' title='bbox 1219 1795 1332 1846; x_wconf 87' lang='lat' dir='ltr'>prorsus</span> <span class='ocrx_word' id='word_1_178' title='bbox 1348 1784 1379 1827; x_wconf 74' lang='lat' dir='ltr'>ts</span> 
     </span>
     <span class='ocr_line' id='line_1_19' title="bbox 187 1840 1379 1911; baseline -0.002 -16"><span class='ocrx_word' id='word_1_179' title='bbox 187 1845 239 1909; x_wconf 88' lang='lat' dir='ltr'>cet,</span> <span class='ocrx_word' id='word_1_180' title='bbox 267 1858 335 1911; x_wconf 90' lang='lat' dir='ltr'>quae</span> <span class='ocrx_word' id='word_1_181' title='bbox 353 1858 384 1895; x_wconf 83' lang='lat' dir='ltr'>er</span> <span class='ocrx_word' id='word_1_182' title='bbox 401 1842 438 1910; x_wconf 90' lang='lat' dir='ltr'>Il,</span> <span class='ocrx_word' id='word_1_183' title='bbox 470 1847 526 1896; x_wconf 83' lang='lat'>591.</span> <span class='ocrx_word' id='word_1_184' title='bbox 558 1846 614 1897; x_wconf 81' lang='grc'>664.</span> <span class='ocrx_word' id='word_1_185' title='bbox 645 1842 704 1896; x_wconf 87' lang='lat' dir='ltr'>aliis</span> <span class='ocrx_word' id='word_1_186' title='bbox 725 1858 757 1895; x_wconf 89' lang='lat' dir='ltr'>ue</span> <span class='ocrx_word' id='word_1_187' title='bbox 783 1841 848 1894; x_wconf 90' lang='lat' dir='ltr'>locis</span> <span class='ocrx_word' id='word_1_188' title='bbox 867 1840 945 1893; x_wconf 81' lang='lat' dir='ltr'>facile</span> <span class='ocrx_word' id='word_1_189' title='bbox 963 1841 1029 1893; x_wconf 89' lang='lat' dir='ltr'>onri</span> <span class='ocrx_word' id='word_1_190' title='bbox 1047 1843 1160 1910; x_wconf 86' lang='lat' dir='ltr'>potuit.</span> <span class='ocrx_word' id='word_1_191' title='bbox 1187 1876 1225 1883; x_wconf 91' lang='lat'>-</span> <span class='ocrx_word' id='word_1_192' title='bbox 1245 1846 1331 1899; x_wconf 76' lang='lat' dir='ltr'>aceti</span> <span class='ocrx_word' id='word_1_193' title='bbox 1353 1845 1379 1894; x_wconf 84' lang='lat' dir='ltr'>ic</span> 
     </span>
     <span class='ocr_line' id='line_1_20' title="bbox 184 1863 1378 2043; baseline -0.001 -12"><span class='ocrx_word' id='word_1_194' title='bbox 184 1909 498 2031; x_wconf 70' lang='lat' dir='ltr'>cesariem</span> <span class='ocrx_word' id='word_1_195' title='bbox 525 1909 718 2030; x_wconf 58' lang='lat' dir='ltr'>eorm</span> <span class='ocrx_word' id='word_1_196' title='bbox 1020 1914 1133 2043; x_wconf 68' lang='lat' dir='ltr'>ie·</span> <span class='ocrx_word' id='word_1_197' title='bbox 1155 1914 1189 1965; x_wconf 74' lang='lat'>..</span> <span class='ocrx_word' id='word_1_198' title='bbox 1209 1863 1378 2035; x_wconf 62' lang='lat' dir='ltr'>mle</span> 
     </span>
     <span class='ocr_line' id='line_1_21' title="bbox 239 1994 1257 2040; baseline 0.008 -15"><span class='ocrx_word' id='word_1_199' title='bbox 239 2022 244 2032; x_wconf 90' lang='grc'>,</span> <span class='ocrx_word' id='word_1_200' title='bbox 500 2016 506 2028; x_wconf 92' lang='grc'>.</span> <span class='ocrx_word' id='word_1_201' title='bbox 560 2021 565 2030; x_wconf 85' lang='grc'><em>,</em></span> <span class='ocrx_word' id='word_1_202' title='bbox 614 2018 620 2040; x_wconf 84' lang='grc'>,</span> <span class='ocrx_word' id='word_1_203' title='bbox 704 2021 708 2031; x_wconf 92' lang='grc'>.</span> <span class='ocrx_word' id='word_1_204' title='bbox 911 1994 916 2006; x_wconf 94' lang='grc'><strong><em>·</em></strong></span> <span class='ocrx_word' id='word_1_205' title='bbox 1106 1997 1168 2032; x_wconf 69' lang='lat' dir='ltr'>esen.</span> <span class='ocrx_word' id='word_1_206' title='bbox 1241 1998 1257 2033; x_wconf 93' lang='lat' dir='ltr'>o</span> 
     </span>
     <span class='ocr_line' id='line_1_22' title="bbox 187 1997 1376 2114; baseline -0.002 -16"><span class='ocrx_word' id='word_1_207' title='bbox 187 2045 257 2098; x_wconf 88' lang='lat' dir='ltr'>hanc</span> <span class='ocrx_word' id='word_1_208' title='bbox 274 2044 381 2098; x_wconf 89' lang='lat' dir='ltr'>dicendi</span> <span class='ocrx_word' id='word_1_209' title='bbox 398 2043 543 2098; x_wconf 77' lang='lat' dir='ltr'>formulam</span> <span class='ocrx_word' id='word_1_210' title='bbox 562 2043 723 2097; x_wconf 83' lang='lat' dir='ltr'>contundere</span> <span class='ocrx_word' id='word_1_211' title='bbox 742 2060 803 2097; x_wconf 89' lang='lat' dir='ltr'>cum</span> <span class='ocrx_word' id='word_1_212' title='bbox 820 2044 879 2097; x_wconf 90' lang='lat' dir='ltr'>illa:</span> <span class='ocrx_word' id='word_1_213' title='bbox 945 2059 1033 2096; x_wconf 73' lang='lat' dir='ltr'>coicre</span> <span class='ocrx_word' id='word_1_214' title='bbox 1052 2045 1195 2101; x_wconf 62' lang='lat' dir='ltr'>azimam</span> <span class='ocrx_word' id='word_1_215' title='bbox 1215 1997 1340 2114; x_wconf 53' lang='lat' dir='ltr'>veetiqff,</span> <span class='ocrx_word' id='word_1_216' title='bbox 1363 2048 1376 2097; x_wconf 90' lang='lat' dir='ltr'>i.</span> 
     </span>
     <span class='ocr_line' id='line_1_23' title="bbox 187 2104 1375 2180; baseline 0.004 -15"><span class='ocrx_word' id='word_1_217' title='bbox 187 2130 210 2166; x_wconf 90' lang='lat' dir='ltr'>e.</span> <span class='ocrx_word' id='word_1_218' title='bbox 240 2111 333 2165; x_wconf 89' lang='lat' dir='ltr'>eadem</span> <span class='ocrx_word' id='word_1_219' title='bbox 357 2111 460 2164; x_wconf 86' lang='lat' dir='ltr'>calcare</span> <span class='ocrx_word' id='word_1_220' title='bbox 478 2111 601 2179; x_wconf 78' lang='lat' dir='ltr'>vestigia,</span> <span class='ocrx_word' id='word_1_221' title='bbox 632 2126 700 2180; x_wconf 87' lang='lat' dir='ltr'>quae</span> <span class='ocrx_word' id='word_1_222' title='bbox 717 2110 787 2164; x_wconf 90' lang='lat' dir='ltr'>alius</span> <span class='ocrx_word' id='word_1_223' title='bbox 826 2127 900 2165; x_wconf 83' lang='lat' dir='ltr'>raeco</span> <span class='ocrx_word' id='word_1_224' title='bbox 920 2127 966 2164; x_wconf 91' lang='lat' dir='ltr'>eus</span> <span class='ocrx_word' id='word_1_225' title='bbox 985 2109 1071 2164; x_wconf 90' lang='lat' dir='ltr'>humo</span> <span class='ocrx_word' id='word_1_226' title='bbox 1091 2113 1134 2165; x_wconf 88' lang='lat' dir='ltr'>im</span> <span class='ocrx_word' id='word_1_227' title='bbox 1157 2116 1256 2170; x_wconf 88' lang='lat' dir='ltr'>ressit.</span> <span class='ocrx_word' id='word_1_228' title='bbox 1277 2104 1307 2155; x_wconf 60' lang='grc' dir='ltr'>ἶ-</span> <span class='ocrx_word' id='word_1_229' title='bbox 1326 2113 1375 2174; x_wconf 77' lang='lat' dir='ltr'>ita</span> 
     </span>
     <span class='ocr_line' id='line_1_24' title="bbox 186 2128 1374 2257; baseline 0.003 -27"><span class='ocrx_word' id='word_1_230' title='bbox 186 2195 271 2247; x_wconf 80' lang='lat' dir='ltr'>qaae</span> <span class='ocrx_word' id='word_1_231' title='bbox 295 2179 400 2257; x_wconf 78' lang='lat' dir='ltr'>sipon.</span> <span class='ocrx_word' id='word_1_232' title='bbox 438 2179 545 2231; x_wconf 82' lang='lat' dir='ltr'>Servius</span> <span class='ocrx_word' id='word_1_233' title='bbox 567 2177 600 2231; x_wconf 92' lang='lat' dir='ltr'>de</span> <span class='ocrx_word' id='word_1_234' title='bbox 623 2179 736 2246; x_wconf 82' lang='lat' dir='ltr'>augurio</span> <span class='ocrx_word' id='word_1_235' title='bbox 754 2128 899 2247; x_wconf 51' lang='lat' dir='ltr'>intelligia</span> <span class='ocrx_word' id='word_1_236' title='bbox 929 2176 975 2231; x_wconf 89' lang='lat' dir='ltr'>sed</span> <span class='ocrx_word' id='word_1_237' title='bbox 995 2178 1102 2231; x_wconf 90' lang='lat' dir='ltr'>rectius</span> <span class='ocrx_word' id='word_1_238' title='bbox 1123 2181 1256 2237; x_wconf 86' lang='lat' dir='ltr'>sortasse</span> <span class='ocrx_word' id='word_1_239' title='bbox 1274 2181 1374 2243; x_wconf 76' lang='lat' dir='ltr'>Peerlk,</span> 
     </span>
     <span class='ocr_line' id='line_1_25' title="bbox 186 2243 1374 2315; baseline 0.003 -16"><span class='ocrx_word' id='word_1_240' title='bbox 186 2261 288 2312; x_wconf 85' lang='lat' dir='ltr'>negans</span> <span class='ocrx_word' id='word_1_241' title='bbox 305 2244 349 2297; x_wconf 89' lang='lat' dir='ltr'>brc</span> <span class='ocrx_word' id='word_1_242' title='bbox 366 2244 399 2298; x_wconf 91' lang='lat' dir='ltr'>de</span> <span class='ocrx_word' id='word_1_243' title='bbox 416 2245 528 2312; x_wconf 81' lang='lat' dir='ltr'>augurio</span> <span class='ocrx_word' id='word_1_244' title='bbox 545 2246 651 2313; x_wconf 89' lang='lat' dir='ltr'>proprie</span> <span class='ocrx_word' id='word_1_245' title='bbox 668 2245 741 2299; x_wconf 88' lang='lat' dir='ltr'>dicto</span> <span class='ocrx_word' id='word_1_246' title='bbox 759 2246 871 2315; x_wconf 80' lang='lat' dir='ltr'>cogitari</span> <span class='ocrx_word' id='word_1_247' title='bbox 889 2261 974 2313; x_wconf 90' lang='lat' dir='ltr'>posse,</span> <span class='ocrx_word' id='word_1_248' title='bbox 993 2243 1059 2298; x_wconf 91' lang='lat' dir='ltr'>haec</span> <span class='ocrx_word' id='word_1_249' title='bbox 1079 2247 1225 2303; x_wconf 88' lang='lat' dir='ltr'>adnotat:</span> <span class='ocrx_word' id='word_1_250' title='bbox 1257 2253 1374 2313; x_wconf 67' lang='lat' dir='ltr'>„Aeneas</span> 
     </span>
     <span class='ocr_line' id='line_1_26' title="bbox 187 2312 1375 2391; baseline 0.003 -27"><span class='ocrx_word' id='word_1_251' title='bbox 187 2319 262 2381; x_wconf 91' lang='lat' dir='ltr'>puto,</span> <span class='ocrx_word' id='word_1_252' title='bbox 293 2312 424 2376; x_wconf 85' lang='lat' dir='ltr'>observat,</span> <span class='ocrx_word' id='word_1_253' title='bbox 455 2329 525 2381; x_wconf 69' lang='lat' dir='ltr'>orsae</span> <span class='ocrx_word' id='word_1_254' title='bbox 546 2313 627 2381; x_wconf 71' lang='lat' dir='ltr'>siqua</span> <span class='ocrx_word' id='word_1_255' title='bbox 649 2314 789 2367; x_wconf 80' lang='lat' dir='ltr'>coluraboe</span> <span class='ocrx_word' id='word_1_256' title='bbox 810 2315 921 2381; x_wconf 78' lang='lat' dir='ltr'>ferrent,</span> <span class='ocrx_word' id='word_1_257' title='bbox 952 2312 979 2364; x_wconf 88' lang='lat' dir='ltr'>h.</span> <span class='ocrx_word' id='word_1_258' title='bbox 998 2329 1021 2365; x_wconf 86' lang='lat' dir='ltr'>e.</span> <span class='ocrx_word' id='word_1_259' title='bbox 1046 2329 1105 2391; x_wconf 83' lang='lat' dir='ltr'>quo</span> <span class='ocrx_word' id='word_1_260' title='bbox 1126 2322 1287 2387; x_wconf 87' lang='lat' dir='ltr'>pergerent</span> <span class='ocrx_word' id='word_1_261' title='bbox 1303 2320 1330 2371; x_wconf 88' lang='lat' dir='ltr'>et</span> <span class='ocrx_word' id='word_1_262' title='bbox 1343 2317 1375 2368; x_wconf 74' lang='lat' dir='ltr'>its</span> 
     </span>
     <span class='ocr_line' id='line_1_27' title="bbox 189 2379 1375 2452; baseline 0.006 -20"><span class='ocrx_word' id='word_1_263' title='bbox 189 2381 260 2433; x_wconf 86' lang='lat' dir='ltr'>viam</span> <span class='ocrx_word' id='word_1_264' title='bbox 278 2382 468 2442; x_wconf 79' lang='lat' dir='ltr'>monstrarent,</span> <span class='ocrx_word' id='word_1_265' title='bbox 488 2396 568 2448; x_wconf 86' lang='lat' dir='ltr'>quam</span> <span class='ocrx_word' id='word_1_266' title='bbox 587 2380 659 2434; x_wconf 84' lang='lat' dir='ltr'>viam</span> <span class='ocrx_word' id='word_1_267' title='bbox 676 2381 810 2451; x_wconf 83' lang='lat' dir='ltr'>pergendo</span> <span class='ocrx_word' id='word_1_268' title='bbox 829 2380 998 2449; x_wconf 84' lang='lat' dir='ltr'>signarent.“</span> <span class='ocrx_word' id='word_1_269' title='bbox 1017 2379 1115 2434; x_wconf 79' lang='lat' dir='ltr'>Etiam</span> <span class='ocrx_word' id='word_1_270' title='bbox 1136 2384 1232 2438; x_wconf 86' lang='lat' dir='ltr'>Conin</span> <span class='ocrx_word' id='word_1_271' title='bbox 1255 2389 1302 2438; x_wconf 87' lang='lat' dir='ltr'>ton</span> <span class='ocrx_word' id='word_1_272' title='bbox 1317 2399 1375 2452; x_wconf 73' lang='lat' dir='ltr'>osae</span> 
     </span>
     <span class='ocr_line' id='line_1_28' title="bbox 187 2402 1373 2568; baseline 0.003 -69"><span class='ocrx_word' id='word_1_273' title='bbox 187 2448 267 2526; x_wconf 69' lang='lat' dir='ltr'>etqua</span> <span class='ocrx_word' id='word_1_274' title='bbox 281 2448 383 2527; x_wconf 67' lang='lat' dir='ltr'>seram</span> <span class='ocrx_word' id='word_1_275' title='bbox 399 2447 623 2568; x_wconf 26' lang='lat' dir='ltr'>simplicitertper</span> <span class='ocrx_word' id='word_1_276' title='bbox 643 2449 725 2517; x_wconf 89' lang='lat' dir='ltr'>„quid</span> <span class='ocrx_word' id='word_1_277' title='bbox 738 2448 912 2517; x_wconf 81' lang='lat' dir='ltr'>significent“</span> <span class='ocrx_word' id='word_1_278' title='bbox 934 2447 1139 2527; x_wconf 75' lang='lat' dir='ltr'>interpretatur</span> <span class='ocrx_word' id='word_1_279' title='bbox 1154 2402 1373 2513; x_wconf 62' lang='lat' dir='ltr'>collimitat</span> 
     </span>
     <span class='ocr_line' id='line_1_29' title="bbox 187 2513 1373 2587; baseline 0.003 -20"><span class='ocrx_word' id='word_1_280' title='bbox 187 2532 268 2583; x_wconf 74' lang='lat' dir='ltr'>sepau</span> <span class='ocrx_word' id='word_1_281' title='bbox 298 2516 382 2576; x_wconf 79' lang='lat' dir='ltr'>dedet,</span> <span class='ocrx_word' id='word_1_282' title='bbox 413 2532 431 2567; x_wconf 90' lang='lat'>1.</span> <span class='ocrx_word' id='word_1_283' title='bbox 451 2530 473 2569; x_wconf 91' lang='lat' dir='ltr'>e.</span> <span class='ocrx_word' id='word_1_284' title='bbox 500 2531 570 2583; x_wconf 81' lang='lat' dir='ltr'>signi</span> <span class='ocrx_word' id='word_1_285' title='bbox 591 2516 670 2570; x_wconf 79' lang='lat' dir='ltr'>cavit.</span> <span class='ocrx_word' id='word_1_286' title='bbox 707 2517 784 2569; x_wconf 91' lang='lat' dir='ltr'>Hunc</span> <span class='ocrx_word' id='word_1_287' title='bbox 806 2515 896 2569; x_wconf 88' lang='lat' dir='ltr'>locum</span> <span class='ocrx_word' id='word_1_288' title='bbox 918 2531 957 2568; x_wconf 79' lang='lat' dir='ltr'>sic</span> <span class='ocrx_word' id='word_1_289' title='bbox 979 2513 1073 2568; x_wconf 81' lang='lat' dir='ltr'>reddit</span> <span class='ocrx_word' id='word_1_290' title='bbox 1098 2517 1238 2574; x_wconf 85' lang='lat' dir='ltr'>imitator</span> <span class='ocrx_word' id='word_1_291' title='bbox 1257 2519 1373 2587; x_wconf 64' lang='lat' dir='ltr'>Vergil</span> 
     </span>
     <span class='ocr_line' id='line_1_30' title="bbox 188 2581 1373 2661; baseline 0.002 -26"><span class='ocrx_word' id='word_1_292' title='bbox 188 2581 271 2635; x_wconf 79' lang='lat' dir='ltr'>suth.</span> <span class='ocrx_word' id='word_1_293' title='bbox 289 2582 350 2635; x_wconf 87' lang='lat' dir='ltr'>Lat.</span> <span class='ocrx_word' id='word_1_294' title='bbox 369 2582 391 2643; x_wconf 89' lang='lat' dir='ltr'>I,</span> <span class='ocrx_word' id='word_1_295' title='bbox 414 2585 470 2644; x_wconf 76' lang='lat'>178,</span> <span class='ocrx_word' id='word_1_296' title='bbox 489 2586 545 2636; x_wconf 73' lang='lat'>3³7.</span> <span class='ocrx_word' id='word_1_297' title='bbox 579 2583 608 2634; x_wconf 88' lang='grc' dir='ltr'><em>Ε</em></span> <span class='ocrx_word' id='word_1_298' title='bbox 659 2591 759 2646; x_wconf 74' lang='lat' dir='ltr'>cetaria,</span> <span class='ocrx_word' id='word_1_299' title='bbox 784 2600 853 2652; x_wconf 73' lang='lat' dir='ltr'>quoe</span> <span class='ocrx_word' id='word_1_300' title='bbox 870 2584 906 2647; x_wconf 74' lang='lat' dir='ltr'>sic</span> <span class='ocrx_word' id='word_1_301' title='bbox 959 2585 1218 2661; x_wconf 75' lang='lat' dir='ltr'>serant—199.</span> <span class='ocrx_word' id='word_1_302' title='bbox 1248 2587 1320 2652; x_wconf 87' lang='lat' dir='ltr'>Loci,</span> <span class='ocrx_word' id='word_1_303' title='bbox 1336 2587 1373 2655; x_wconf 86' lang='lat' dir='ltr'>qui</span> 
     </span>
     <span class='ocr_line' id='line_1_31' title="bbox 189 2599 1371 2729; baseline 0 -26"><span class='ocrx_word' id='word_1_304' title='bbox 189 2650 320 2717; x_wconf 85' lang='lat' dir='ltr'>sequitur,</span> <span class='ocrx_word' id='word_1_305' title='bbox 343 2665 445 2702; x_wconf 89' lang='lat' dir='ltr'>memor</span> <span class='ocrx_word' id='word_1_306' title='bbox 462 2649 516 2702; x_wconf 88' lang='lat' dir='ltr'>fuit</span> <span class='ocrx_word' id='word_1_307' title='bbox 536 2649 618 2703; x_wconf 82' lang='lat' dir='ltr'>Silius</span> <span class='ocrx_word' id='word_1_308' title='bbox 662 2650 723 2711; x_wconf 90' lang='lat' dir='ltr'>Vll,</span> <span class='ocrx_word' id='word_1_309' title='bbox 747 2656 778 2704; x_wconf 79' lang='lat'>55</span> <span class='ocrx_word' id='word_1_310' title='bbox 797 2667 854 2729; x_wconf 78' lang='lat' dir='ltr'>sq.</span> <span class='ocrx_word' id='word_1_311' title='bbox 894 2599 1001 2703; x_wconf 50' lang='lat' dir='ltr'>iginus</span> <span class='ocrx_word' id='word_1_312' title='bbox 1019 2649 1127 2705; x_wconf 87' lang='lat' dir='ltr'>multos</span> <span class='ocrx_word' id='word_1_313' title='bbox 1146 2653 1324 2724; x_wconf 84' lang='lat' dir='ltr'>distinguere</span> <span class='ocrx_word' id='word_1_314' title='bbox 1340 2654 1371 2707; x_wconf 85' lang='lat' dir='ltr'>sit</span> 
     </span>
     <span class='ocr_line' id='line_1_32' title="bbox 188 2667 1373 2835; baseline 0.004 -67"><span class='ocrx_word' id='word_1_315' title='bbox 188 2718 250 2786; x_wconf 86' lang='lat' dir='ltr'>post</span> <span class='ocrx_word' id='word_1_316' title='bbox 266 2723 457 2835; x_wconf 77' lang='lat' dir='ltr'>pascentes,</span> <span class='ocrx_word' id='word_1_317' title='bbox 485 2721 513 2770; x_wconf 88' lang='lat' dir='ltr'>et</span> <span class='ocrx_word' id='word_1_318' title='bbox 540 2716 578 2770; x_wconf 90' lang='lat' dir='ltr'>sie</span> <span class='ocrx_word' id='word_1_319' title='bbox 596 2718 678 2771; x_wconf 82' lang='lat' dir='ltr'>etism</span> <span class='ocrx_word' id='word_1_320' title='bbox 697 2718 767 2772; x_wconf 89' lang='lat' dir='ltr'>Med.</span> <span class='ocrx_word' id='word_1_321' title='bbox 785 2667 848 2783; x_wconf 65' lang='lat' dir='ltr'>(vui.</span> <span class='ocrx_word' id='word_1_322' title='bbox 867 2717 939 2770; x_wconf 84' lang='lat' dir='ltr'>inira</span> <span class='ocrx_word' id='word_1_323' title='bbox 956 2716 990 2770; x_wconf 87' lang='lat' dir='ltr'>ad</span> <span class='ocrx_word' id='word_1_324' title='bbox 1010 2732 1034 2772; x_wconf 83' lang='lat' dir='ltr'>v.</span> <span class='ocrx_word' id='word_1_325' title='bbox 1053 2721 1138 2783; x_wconf 53' lang='lat'>200),</span> <span class='ocrx_word' id='word_1_326' title='bbox 1181 2722 1240 2778; x_wconf 85' lang='lat' dir='ltr'>Sed</span> <span class='ocrx_word' id='word_1_327' title='bbox 1258 2723 1373 2776; x_wconf 81' lang='lat' dir='ltr'>vereob</span> 
     </span>
     <span class='ocr_line' id='line_1_33' title="bbox 188 2782 1371 2860; baseline 0.004 -24"><span class='ocrx_word' id='word_1_328' title='bbox 188 2799 266 2837; x_wconf 85' lang='lat' dir='ltr'>serva</span> <span class='ocrx_word' id='word_1_329' title='bbox 289 2783 394 2851; x_wconf 78' lang='lat' dir='ltr'>Wagu,</span> <span class='ocrx_word' id='word_1_330' title='bbox 412 2782 461 2836; x_wconf 93' lang='lat' dir='ltr'>hoc</span> <span class='ocrx_word' id='word_1_331' title='bbox 480 2785 639 2838; x_wconf 80' lang='lat' dir='ltr'>vocabulum</span> <span class='ocrx_word' id='word_1_332' title='bbox 657 2784 838 2854; x_wconf 88' lang='lat' dir='ltr'>superioribus</span> <span class='ocrx_word' id='word_1_333' title='bbox 858 2782 982 2838; x_wconf 86' lang='lat' dir='ltr'>additum</span> <span class='ocrx_word' id='word_1_334' title='bbox 1000 2800 1060 2838; x_wconf 89' lang='lat' dir='ltr'>esse</span> <span class='ocrx_word' id='word_1_335' title='bbox 1082 2787 1223 2852; x_wconf 88' lang='lat' dir='ltr'>otiosum,</span> <span class='ocrx_word' id='word_1_336' title='bbox 1245 2807 1371 2860; x_wconf 77' lang='lat' dir='ltr'>cumpro</span> 
     </span>
     <span class='ocr_line' id='line_1_34' title="bbox 189 2850 1370 2927; baseline 0.003 -23"><span class='ocrx_word' id='word_1_337' title='bbox 189 2852 252 2905; x_wconf 79' lang='lat' dir='ltr'>dire</span> <span class='ocrx_word' id='word_1_338' title='bbox 269 2866 330 2904; x_wconf 80' lang='lat' dir='ltr'>vero</span> <span class='ocrx_word' id='word_1_339' title='bbox 348 2850 520 2905; x_wconf 90' lang='lat' dir='ltr'>coniunctum</span> <span class='ocrx_word' id='word_1_340' title='bbox 539 2852 562 2904; x_wconf 89' lang='lat' dir='ltr'>si</span> <span class='ocrx_word' id='word_1_341' title='bbox 583 2852 691 2907; x_wconf 83' lang='lat' dir='ltr'>nificare</span> <span class='ocrx_word' id='word_1_342' title='bbox 710 2852 982 2921; x_wconf 86' lang='lat' dir='ltr'>„interquiescentem</span> <span class='ocrx_word' id='word_1_343' title='bbox 1000 2851 1144 2908; x_wconf 87' lang='lat' dir='ltr'>interdum</span> <span class='ocrx_word' id='word_1_344' title='bbox 1164 2857 1223 2912; x_wconf 89' lang='lat' dir='ltr'>cibi</span> <span class='ocrx_word' id='word_1_345' title='bbox 1236 2855 1370 2927; x_wconf 76' lang='lat' dir='ltr'>quaerendi</span> 
     </span>
     <span class='ocr_line' id='line_1_35' title="bbox 188 2869 1370 2991; baseline 0.003 -19"><span class='ocrx_word' id='word_1_346' title='bbox 188 2934 270 2972; x_wconf 89' lang='lat' dir='ltr'>causa</span> <span class='ocrx_word' id='word_1_347' title='bbox 297 2918 446 2972; x_wconf 87' lang='lat' dir='ltr'>volatum.“</span> <span class='ocrx_word' id='word_1_348' title='bbox 481 2869 582 2972; x_wconf 49' lang='lat' dir='ltr'>Solen}</span> <span class='ocrx_word' id='word_1_349' title='bbox 593 2919 665 2972; x_wconf 89' lang='lat' dir='ltr'>enim</span> <span class='ocrx_word' id='word_1_350' title='bbox 683 2936 754 2987; x_wconf 81' lang='lat' dir='ltr'>aves,</span> <span class='ocrx_word' id='word_1_351' title='bbox 783 2921 811 2973; x_wconf 90' lang='lat' dir='ltr'>ct</span> <span class='ocrx_word' id='word_1_352' title='bbox 827 2919 941 2972; x_wconf 82' lang='lat' dir='ltr'>maxime</span> <span class='ocrx_word' id='word_1_353' title='bbox 959 2919 1111 2988; x_wconf 81' lang='lat' dir='ltr'>columbae,</span> <span class='ocrx_word' id='word_1_354' title='bbox 1145 2925 1285 2991; x_wconf 81' lang='lat' dir='ltr'>pascendi</span> <span class='ocrx_word' id='word_1_355' title='bbox 1302 2940 1370 2978; x_wconf 70' lang='lat' dir='ltr'>aun</span> 
     </span>
     <span class='ocr_line' id='line_1_36' title="bbox 188 2985 1369 3061; baseline 0.006 -22"><span class='ocrx_word' id='word_1_356' title='bbox 188 2986 267 3039; x_wconf 88' lang='lat' dir='ltr'>modo</span> <span class='ocrx_word' id='word_1_357' title='bbox 296 2985 372 3038; x_wconf 90' lang='lat' dir='ltr'>humi</span> <span class='ocrx_word' id='word_1_358' title='bbox 401 2985 559 3050; x_wconf 81' lang='lat' dir='ltr'>residentes,</span> <span class='ocrx_word' id='word_1_359' title='bbox 590 2987 668 3040; x_wconf 89' lang='lat' dir='ltr'>modo</span> <span class='ocrx_word' id='word_1_360' title='bbox 700 3004 793 3040; x_wconf 87' lang='lat' dir='ltr'>rursus</span> <span class='ocrx_word' id='word_1_361' title='bbox 818 2985 992 3040; x_wconf 85' lang='lat' dir='ltr'>subvolantes</span> <span class='ocrx_word' id='word_1_362' title='bbox 1009 2986 1070 3040; x_wconf 82' lang='lat' dir='ltr'>loos</span> <span class='ocrx_word' id='word_1_363' title='bbox 1089 2991 1225 3057; x_wconf 84' lang='lat' dir='ltr'>proxima</span> <span class='ocrx_word' id='word_1_364' title='bbox 1245 3007 1369 3061; x_wconf 75' lang='lat' dir='ltr'>pererrare</span> 
     </span>
     <span class='ocr_line' id='line_1_37' title="bbox 190 3053 1368 3126; baseline 0.008 -20"><span class='ocrx_word' id='word_1_365' title='bbox 190 3054 424 3118; x_wconf 65' lang='lat' dir='ltr'>„comedentium</span> <span class='ocrx_word' id='word_1_366' title='bbox 441 3061 468 3106; x_wconf 85' lang='lat' dir='ltr'>et</span> <span class='ocrx_word' id='word_1_367' title='bbox 485 3054 538 3106; x_wconf 79' lang='lat' dir='ltr'>iter</span> <span class='ocrx_word' id='word_1_368' title='bbox 554 3057 763 3108; x_wconf 73' lang='lat' dir='ltr'>monstrantium</span> <span class='ocrx_word' id='word_1_369' title='bbox 780 3055 867 3116; x_wconf 80' lang='lat' dir='ltr'>ritu,“</span> <span class='ocrx_word' id='word_1_370' title='bbox 897 3058 929 3107; x_wconf 90' lang='lat' dir='ltr'>ut</span> <span class='ocrx_word' id='word_1_371' title='bbox 947 3053 1036 3108; x_wconf 85' lang='lat' dir='ltr'>Curtii</span> <span class='ocrx_word' id='word_1_372' title='bbox 1053 3057 1148 3110; x_wconf 85' lang='lat' dir='ltr'>verbis</span> <span class='ocrx_word' id='word_1_373' title='bbox 1170 3061 1249 3126; x_wconf 85' lang='lat' dir='ltr'>utar,</span> <span class='ocrx_word' id='word_1_374' title='bbox 1290 3061 1316 3112; x_wconf 89' lang='lat' dir='ltr'>ui</span> <span class='ocrx_word' id='word_1_375' title='bbox 1331 3058 1368 3117; x_wconf 73' lang='lat' dir='ltr'>lv.</span> 
     </span>
     <span class='ocr_line' id='line_1_38' title="bbox 189 3120 1368 3195; baseline 0.004 -23"><span class='ocrx_word' id='word_1_376' title='bbox 189 3124 203 3172; x_wconf 78' lang='lat' dir='ltr'>t</span> <span class='ocrx_word' id='word_1_377' title='bbox 233 3126 271 3174; x_wconf 85' lang='lat'>15.</span> <span class='ocrx_word' id='word_1_378' title='bbox 292 3120 325 3175; x_wconf 89' lang='lat' dir='ltr'>de</span> <span class='ocrx_word' id='word_1_379' title='bbox 343 3121 427 3174; x_wconf 82' lang='lat' dir='ltr'>corvis</span> <span class='ocrx_word' id='word_1_380' title='bbox 450 3121 587 3174; x_wconf 88' lang='lat' dir='ltr'>simillima</span> <span class='ocrx_word' id='word_1_381' title='bbox 604 3121 695 3175; x_wconf 87' lang='lat' dir='ltr'>refert.</span> <span class='ocrx_word' id='word_1_382' title='bbox 724 3122 850 3176; x_wconf 84' lang='lat' dir='ltr'>Ceterum</span> <span class='ocrx_word' id='word_1_383' title='bbox 868 3121 903 3174; x_wconf 82' lang='lat' dir='ltr'>ci.</span> <span class='ocrx_word' id='word_1_384' title='bbox 922 3122 1004 3175; x_wconf 90' lang='lat' dir='ltr'>etiam</span> <span class='ocrx_word' id='word_1_385' title='bbox 1023 3138 1093 3192; x_wconf 87' lang='lat' dir='ltr'>quae</span> <span class='ocrx_word' id='word_1_386' title='bbox 1113 3124 1217 3195; x_wconf 80' lang='lat' dir='ltr'>Henry</span> <span class='ocrx_word' id='word_1_387' title='bbox 1237 3128 1267 3181; x_wconf 91' lang='lat' dir='ltr'>in</span> <span class='ocrx_word' id='word_1_388' title='bbox 1307 3126 1368 3180; x_wconf 85' lang='lat' dir='ltr'>bilol.</span> 
     </span>
     <span class='ocr_line' id='line_1_39' title="bbox 190 3161 1368 3259; baseline 0.003 -19"><span class='ocrx_word' id='word_1_389' title='bbox 190 3161 276 3241; x_wconf 72' lang='lat' dir='ltr'>iivll.</span> <span class='ocrx_word' id='word_1_390' title='bbox 294 3206 320 3256; x_wconf 92' lang='lat' dir='ltr'>p.</span> <span class='ocrx_word' id='word_1_391' title='bbox 341 3192 400 3244; x_wconf 84' lang='grc'><strong>630.</strong></span> <span class='ocrx_word' id='word_1_392' title='bbox 429 3192 523 3242; x_wconf 89' lang='lat' dir='ltr'>contra</span> <span class='ocrx_word' id='word_1_393' title='bbox 552 3187 666 3242; x_wconf 88' lang='lat' dir='ltr'>alteram</span> <span class='ocrx_word' id='word_1_394' title='bbox 696 3188 896 3242; x_wconf 85' lang='lat' dir='ltr'>distinctionem</span> <span class='ocrx_word' id='word_1_395' title='bbox 926 3189 985 3243; x_wconf 83' lang='lat' dir='ltr'>voci</span> <span class='ocrx_word' id='word_1_396' title='bbox 1011 3200 1158 3259; x_wconf 71' lang='lat' dir='ltr'>pascentes</span> <span class='ocrx_word' id='word_1_397' title='bbox 1187 3195 1246 3248; x_wconf 83' lang='lat' dir='ltr'>vim</span> <span class='ocrx_word' id='word_1_398' title='bbox 1265 3196 1300 3248; x_wconf 90' lang='lat' dir='ltr'>ab</span> <span class='ocrx_word' id='word_1_399' title='bbox 1317 3195 1340 3247; x_wconf 91' lang='lat' dir='ltr'>b.</span> <span class='ocrx_word' id='word_1_400' title='bbox 1354 3193 1368 3245; x_wconf 91' lang='lat' dir='ltr'>l.</span> 
     </span>
     <span class='ocr_line' id='line_1_40' title="bbox 189 3253 1368 3342; baseline 0.003 -34"><span class='ocrx_word' id='word_1_401' title='bbox 189 3256 305 3308; x_wconf 89' lang='lat' dir='ltr'>alienam</span> <span class='ocrx_word' id='word_1_402' title='bbox 326 3254 492 3308; x_wconf 86' lang='lat' dir='ltr'>tribuentem</span> <span class='ocrx_word' id='word_1_403' title='bbox 510 3258 581 3309; x_wconf 89' lang='lat' dir='ltr'>recte</span> <span class='ocrx_word' id='word_1_404' title='bbox 598 3256 728 3324; x_wconf 89' lang='lat' dir='ltr'>disputat.</span> <span class='ocrx_word' id='word_1_405' title='bbox 749 3287 782 3296; x_wconf 91' lang='lat'>·-</span> <span class='ocrx_word' id='word_1_406' title='bbox 799 3253 864 3316; x_wconf 82' lang='lat'>200.</span> <span class='ocrx_word' id='word_1_407' title='bbox 889 3264 1027 3322; x_wconf 80' lang='lat' dir='ltr'>tantam,</span> <span class='ocrx_word' id='word_1_408' title='bbox 1046 3268 1218 3325; x_wconf 80' lang='lat' dir='ltr'>quantum</span> <span class='ocrx_word' id='word_1_409' title='bbox 1236 3269 1368 3342; x_wconf 76' lang='lat' dir='ltr'>possem.</span> 
     </span>
     <span class='ocr_line' id='line_1_41' title="bbox 188 3322 1368 3392; baseline 0.008 -17"><span class='ocrx_word' id='word_1_410' title='bbox 188 3322 292 3385; x_wconf 88' lang='lat' dir='ltr'>Nescio,</span> <span class='ocrx_word' id='word_1_411' title='bbox 330 3322 377 3376; x_wconf 87' lang='lat' dir='ltr'>uid</span> <span class='ocrx_word' id='word_1_412' title='bbox 395 3322 448 3375; x_wconf 90' lang='lat' dir='ltr'>sibi</span> <span class='ocrx_word' id='word_1_413' title='bbox 466 3322 535 3377; x_wconf 90' lang='lat' dir='ltr'>velit</span> <span class='ocrx_word' id='word_1_414' title='bbox 552 3323 657 3392; x_wconf 79' lang='lat' dir='ltr'>Wagn,</span> <span class='ocrx_word' id='word_1_415' title='bbox 675 3323 807 3391; x_wconf 85' lang='lat' dir='ltr'>iudicans,</span> <span class='ocrx_word' id='word_1_416' title='bbox 826 3323 1030 3377; x_wconf 83' lang='lat' dir='ltr'>Coniunctivum</span> <span class='ocrx_word' id='word_1_417' title='bbox 1047 3325 1163 3380; x_wconf 89' lang='lat' dir='ltr'>modum</span> <span class='ocrx_word' id='word_1_418' title='bbox 1183 3328 1307 3383; x_wconf 81' lang='lat' dir='ltr'>indicare</span> <span class='ocrx_word' id='word_1_419' title='bbox 1323 3344 1368 3383; x_wconf 81' lang='lat' dir='ltr'>reu</span> 
     </span>
     <span class='ocr_line' id='line_1_42' title="bbox 188 3340 1367 3462; baseline 0.005 -20"><span class='ocrx_word' id='word_1_420' title='bbox 188 3391 296 3458; x_wconf 89' lang='lat' dir='ltr'>saepius</span> <span class='ocrx_word' id='word_1_421' title='bbox 312 3340 431 3444; x_wconf 61' lang='lat' dir='ltr'>iactam:</span> <span class='ocrx_word' id='word_1_422' title='bbox 462 3388 532 3444; x_wconf 74' lang='grc' dir='ltr'>ὅσον</span> <span class='ocrx_word' id='word_1_423' title='bbox 552 3390 594 3443; x_wconf 69' lang='grc' dir='ltr'>ἀεὶ</span> <span class='ocrx_word' id='word_1_424' title='bbox 616 3391 759 3448; x_wconf 67' lang='grc' dir='ltr'><em>δύναιντο.</em></span> <span class='ocrx_word' id='word_1_425' title='bbox 795 3391 986 3445; x_wconf 82' lang='lat' dir='ltr'>Coniunctivus</span> <span class='ocrx_word' id='word_1_426' title='bbox 1003 3391 1075 3445; x_wconf 87' lang='lat' dir='ltr'>eninr</span> <span class='ocrx_word' id='word_1_427' title='bbox 1095 3409 1145 3462; x_wconf 84' lang='lat' dir='ltr'>per</span> <span class='ocrx_word' id='word_1_428' title='bbox 1167 3413 1199 3450; x_wconf 88' lang='lat' dir='ltr'>sa</span> <span class='ocrx_word' id='word_1_429' title='bbox 1218 3396 1289 3450; x_wconf 84' lang='lat' dir='ltr'>nihil</span> <span class='ocrx_word' id='word_1_430' title='bbox 1306 3395 1367 3451; x_wconf 87' lang='lat' dir='ltr'>aliud</span> 
     </span>
     <span class='ocr_line' id='line_1_43' title="bbox 188 3457 1366 3528; baseline 0.009 -19"><span class='ocrx_word' id='word_1_431' title='bbox 188 3457 331 3525; x_wconf 80' lang='lat' dir='ltr'>significat,</span> <span class='ocrx_word' id='word_1_432' title='bbox 363 3474 444 3526; x_wconf 90' lang='lat' dir='ltr'>quam</span> <span class='ocrx_word' id='word_1_433' title='bbox 476 3457 615 3512; x_wconf 89' lang='lat' dir='ltr'>consilium</span> <span class='ocrx_word' id='word_1_434' title='bbox 639 3458 825 3513; x_wconf 88' lang='lat' dir='ltr'>columbarum</span> <span class='ocrx_word' id='word_1_435' title='bbox 848 3459 901 3525; x_wconf 79' lang='lat' dir='ltr'>(vel</span> <span class='ocrx_word' id='word_1_436' title='bbox 919 3459 1009 3528; x_wconf 91' lang='lat' dir='ltr'>potius</span> <span class='ocrx_word' id='word_1_437' title='bbox 1027 3459 1139 3514; x_wconf 89' lang='lat' dir='ltr'>Veneris</span> <span class='ocrx_word' id='word_1_438' title='bbox 1161 3479 1211 3517; x_wconf 85' lang='lat' dir='ltr'>eas</span> <span class='ocrx_word' id='word_1_439' title='bbox 1229 3465 1366 3520; x_wconf 71' lang='lat' dir='ltr'>mittentis]</span> 
     </span>
     <span class='ocr_line' id='line_1_44' title="bbox 188 3524 1366 3646; baseline 0.004 -70"><span class='ocrx_word' id='word_1_440' title='bbox 188 3541 240 3576; x_wconf 88' lang='lat' dir='ltr'>non</span> <span class='ocrx_word' id='word_1_441' title='bbox 258 3524 367 3593; x_wconf 87' lang='lat' dir='ltr'>longius</span> <span class='ocrx_word' id='word_1_442' title='bbox 386 3524 503 3588; x_wconf 88' lang='lat' dir='ltr'>volandi,</span> <span class='ocrx_word' id='word_1_443' title='bbox 524 3542 605 3594; x_wconf 87' lang='lat' dir='ltr'>quam</span> <span class='ocrx_word' id='word_1_444' title='bbox 623 3542 674 3595; x_wconf 87' lang='lat' dir='ltr'>quo</span> <span class='ocrx_word' id='word_1_445' title='bbox 693 3526 764 3580; x_wconf 92' lang='lat' dir='ltr'>oculi</span> <span class='ocrx_word' id='word_1_446' title='bbox 780 3525 941 3580; x_wconf 74' lang='lat' dir='ltr'>&#39;l‘eucromm</span> <span class='ocrx_word' id='word_1_447' title='bbox 959 3527 1157 3646; x_wconf 81' lang='lat' dir='ltr'>prospicerent,</span> <span class='ocrx_word' id='word_1_448' title='bbox 1179 3546 1215 3584; x_wconf 91' lang='lat' dir='ltr'>ne</span> <span class='ocrx_word' id='word_1_449' title='bbox 1235 3549 1268 3586; x_wconf 86' lang='lat' dir='ltr'>ex</span> <span class='ocrx_word' id='word_1_450' title='bbox 1287 3548 1366 3586; x_wconf 83' lang='lat' dir='ltr'>eorum</span> 
     </span>
     <span class='ocr_line' id='line_1_45' title="bbox 189 3591 1366 3665; baseline 0.006 -22"><span class='ocrx_word' id='word_1_451' title='bbox 189 3594 333 3659; x_wconf 82' lang='lat' dir='ltr'>conspeetu</span> <span class='ocrx_word' id='word_1_452' title='bbox 362 3591 552 3656; x_wconf 89' lang='lat' dir='ltr'>abscederent;</span> <span class='ocrx_word' id='word_1_453' title='bbox 583 3597 610 3647; x_wconf 91' lang='lat' dir='ltr'>et</span> <span class='ocrx_word' id='word_1_454' title='bbox 627 3593 759 3663; x_wconf 90' lang='lat' dir='ltr'>repetitae</span> <span class='ocrx_word' id='word_1_455' title='bbox 779 3593 818 3647; x_wconf 88' lang='lat' dir='ltr'>rei</span> <span class='ocrx_word' id='word_1_456' title='bbox 835 3594 908 3647; x_wconf 92' lang='lat' dir='ltr'>notio</span> <span class='ocrx_word' id='word_1_457' title='bbox 927 3611 961 3663; x_wconf 93' lang='lat' dir='ltr'>po</span> <span class='ocrx_word' id='word_1_458' title='bbox 975 3594 1017 3647; x_wconf 87' lang='lat' dir='ltr'>ius</span> <span class='ocrx_word' id='word_1_459' title='bbox 1035 3611 1091 3649; x_wconf 86' lang='lat' dir='ltr'>voc.</span> <span class='ocrx_word' id='word_1_460' title='bbox 1107 3607 1265 3665; x_wconf 74' lang='lat' dir='ltr'>pascentes</span> <span class='ocrx_word' id='word_1_461' title='bbox 1282 3603 1311 3654; x_wconf 89' lang='lat' dir='ltr'>et</span> <span class='ocrx_word' id='word_1_462' title='bbox 1327 3598 1366 3651; x_wconf 76' lang='lat' dir='ltr'>tot</span> 
     </span>
     <span class='ocr_line' id='line_1_46' title="bbox 189 3658 1367 3728; baseline 0.009 -17"><span class='ocrx_word' id='word_1_463' title='bbox 189 3658 340 3711; x_wconf 87' lang='lat' dir='ltr'>sententiae</span> <span class='ocrx_word' id='word_1_464' title='bbox 369 3658 449 3712; x_wconf 88' lang='lat' dir='ltr'>inest.</span> <span class='ocrx_word' id='word_1_465' title='bbox 486 3659 656 3726; x_wconf 78' lang='lat' dir='ltr'>(Adsentitur</span> <span class='ocrx_word' id='word_1_466' title='bbox 674 3661 741 3714; x_wconf 92' lang='lat' dir='ltr'>mibi</span> <span class='ocrx_word' id='word_1_467' title='bbox 758 3660 930 3728; x_wconf 78' lang='lat' dir='ltr'>Conington.)</span> <span class='ocrx_word' id='word_1_468' title='bbox 949 3692 981 3699; x_wconf 92' lang='lat'><em>-</em></span> <span class='ocrx_word' id='word_1_469' title='bbox 998 3678 1145 3717; x_wconf 81' lang='lat' dir='ltr'>servare.</span> <span class='ocrx_word' id='word_1_470' title='bbox 1184 3665 1252 3721; x_wconf 87' lang='lat' dir='ltr'>Vid.</span> <span class='ocrx_word' id='word_1_471' title='bbox 1271 3668 1306 3721; x_wconf 86' lang='lat' dir='ltr'>ad</span> <span class='ocrx_word' id='word_1_472' title='bbox 1322 3666 1367 3720; x_wconf 69' lang='lat' dir='ltr'>at</span> 
     </span>
     <span class='ocr_line' id='line_1_47' title="bbox 189 3724 1366 3804; baseline 0.008 -26"><span class='ocrx_word' id='word_1_473' title='bbox 189 3724 242 3786; x_wconf 86' lang='grc' dir='ltr'>ΠΙ,</span> <span class='ocrx_word' id='word_1_474' title='bbox 261 3731 301 3778; x_wconf 80' lang='lat'>75.</span> <span class='ocrx_word' id='word_1_475' title='bbox 320 3725 384 3779; x_wconf 84' lang='lat' dir='ltr'>Geo.</span> <span class='ocrx_word' id='word_1_476' title='bbox 404 3726 425 3787; x_wconf 89' lang='grc' dir='ltr'>Ι,</span> <span class='ocrx_word' id='word_1_477' title='bbox 445 3729 502 3780; x_wconf 83' lang='grc'><strong>335.</strong></span> <span class='ocrx_word' id='word_1_478' title='bbox 520 3730 547 3780; x_wconf 88' lang='lat' dir='ltr'>et</span> <span class='ocrx_word' id='word_1_479' title='bbox 565 3727 600 3781; x_wconf 91' lang='lat' dir='ltr'>al.</span> <span class='ocrx_word' id='word_1_480' title='bbox 620 3760 653 3768; x_wconf 91' lang='lat'>—</span> <span class='ocrx_word' id='word_1_481' title='bbox 670 3727 723 3782; x_wconf 89' lang='lat' dir='ltr'>Pro</span> <span class='ocrx_word' id='word_1_482' title='bbox 739 3736 931 3797; x_wconf 77' lang='lat' dir='ltr'>sequentem</span> <span class='ocrx_word' id='word_1_483' title='bbox 949 3730 1043 3783; x_wconf 81' lang='lat' dir='ltr'>Moret.</span> <span class='ocrx_word' id='word_1_484' title='bbox 1056 3730 1102 3784; x_wconf 86' lang='lat' dir='ltr'>IV.</span> <span class='ocrx_word' id='word_1_485' title='bbox 1121 3736 1279 3801; x_wconf 66' lang='lat' dir='ltr'>septennio,</span> <span class='ocrx_word' id='word_1_486' title='bbox 1299 3750 1366 3804; x_wconf 81' lang='lat' dir='ltr'>quau</span> 
     </span>
     <span class='ocr_line' id='line_1_48' title="bbox 188 3792 1367 3871; baseline 0.01 -26"><span class='ocrx_word' id='word_1_487' title='bbox 188 3792 340 3855; x_wconf 87' lang='lat' dir='ltr'>lectionem,</span> <span class='ocrx_word' id='word_1_488' title='bbox 359 3809 376 3847; x_wconf 83' lang='lat' dir='ltr'>a</span> <span class='ocrx_word' id='word_1_489' title='bbox 393 3792 496 3847; x_wconf 85' lang='lat' dir='ltr'>Wakei.</span> <span class='ocrx_word' id='word_1_490' title='bbox 515 3794 550 3848; x_wconf 90' lang='lat' dir='ltr'>ad</span> <span class='ocrx_word' id='word_1_491' title='bbox 567 3794 644 3851; x_wconf 89' lang='lat' dir='ltr'>Luor.</span> <span class='ocrx_word' id='word_1_492' title='bbox 664 3797 686 3863; x_wconf 92' lang='lat' dir='ltr'>l,</span> <span class='ocrx_word' id='word_1_493' title='bbox 705 3799 764 3852; x_wconf 83' lang='grc'>961.</span> <span class='ocrx_word' id='word_1_494' title='bbox 782 3795 888 3863; x_wconf 85' lang='lat' dir='ltr'>vulgari</span> <span class='ocrx_word' id='word_1_495' title='bbox 906 3797 1066 3866; x_wconf 89' lang='lat' dir='ltr'>praelatam,</span> <span class='ocrx_word' id='word_1_496' title='bbox 1085 3798 1188 3867; x_wconf 81' lang='lat' dir='ltr'>Wagn.</span> <span class='ocrx_word' id='word_1_497' title='bbox 1208 3801 1272 3856; x_wconf 88' lang='lat' dir='ltr'>iure</span> <span class='ocrx_word' id='word_1_498' title='bbox 1289 3805 1367 3871; x_wconf 79' lang='lat' dir='ltr'>ingn-</span> 
     </span>
     <span class='ocr_line' id='line_1_49' title="bbox 189 3861 1367 3932; baseline 0.006 -18"><span class='ocrx_word' id='word_1_499' title='bbox 189 3863 247 3914; x_wconf 89' lang='lat' dir='ltr'>tam</span> <span class='ocrx_word' id='word_1_500' title='bbox 267 3864 358 3915; x_wconf 88' lang='lat' dir='ltr'>censet</span> <span class='ocrx_word' id='word_1_501' title='bbox 377 3861 430 3925; x_wconf 92' lang='lat' dir='ltr'>„ob</span> <span class='ocrx_word' id='word_1_502' title='bbox 448 3877 635 3930; x_wconf 80' lang='lat' dir='ltr'>praegressum</span> <span class='ocrx_word' id='word_1_503' title='bbox 654 3863 732 3917; x_wconf 88' lang='lat' dir='ltr'>modo</span> <span class='ocrx_word' id='word_1_504' title='bbox 752 3863 845 3917; x_wconf 88' lang='lat' dir='ltr'>eadem</span> <span class='ocrx_word' id='word_1_505' title='bbox 863 3864 891 3917; x_wconf 89' lang='lat' dir='ltr'>in</span> <span class='ocrx_word' id='word_1_506' title='bbox 909 3863 971 3918; x_wconf 90' lang='lat' dir='ltr'>sede</span> <span class='ocrx_word' id='word_1_507' title='bbox 988 3865 1140 3919; x_wconf 64' lang='lat' dir='ltr'>somnam*</span> <span class='ocrx_word' id='word_1_508' title='bbox 1177 3867 1300 3932; x_wconf 79' lang='lat' dir='ltr'>Peerlk,</span> <span class='ocrx_word' id='word_1_509' title='bbox 1317 3885 1367 3922; x_wconf 85' lang='lat' dir='ltr'>eum</span> 
     </span>
     <span class='ocr_line' id='line_1_50' title="bbox 189 3929 1368 4000; baseline 0.004 -19"><span class='ocrx_word' id='word_1_510' title='bbox 189 3929 293 3982; x_wconf 74' lang='lat' dir='ltr'>Aeneas</span> <span class='ocrx_word' id='word_1_511' title='bbox 320 3929 394 3983; x_wconf 87' lang='lat' dir='ltr'>solus</span> <span class='ocrx_word' id='word_1_512' title='bbox 420 3931 499 3991; x_wconf 88' lang='lat' dir='ltr'>esset,</span> <span class='ocrx_word' id='word_1_513' title='bbox 527 3945 575 3984; x_wconf 91' lang='lat' dir='ltr'>nec</span> <span class='ocrx_word' id='word_1_514' title='bbox 599 3931 737 3984; x_wconf 88' lang='lat' dir='ltr'>columbas</span> <span class='ocrx_word' id='word_1_515' title='bbox 761 3933 926 4000; x_wconf 89' lang='lat' dir='ltr'>sequeretur,</span> <span class='ocrx_word' id='word_1_516' title='bbox 957 3932 1003 3985; x_wconf 88' lang='lat' dir='ltr'>sed</span> <span class='ocrx_word' id='word_1_517' title='bbox 1021 3935 1108 3985; x_wconf 88' lang='lat' dir='ltr'>staret</span> <span class='ocrx_word' id='word_1_518' title='bbox 1125 3934 1276 3991; x_wconf 90' lang='lat' dir='ltr'>columbas</span> <span class='ocrx_word' id='word_1_519' title='bbox 1295 3937 1368 3992; x_wconf 81' lang='lat' dir='ltr'>oeulis</span> 
     </span>
     <span class='ocr_line' id='line_1_51' title="bbox 190 3995 1370 4069; baseline 0.004 -21"><span class='ocrx_word' id='word_1_520' title='bbox 190 3996 343 4059; x_wconf 79' lang='lat' dir='ltr'>observans,</span> <span class='ocrx_word' id='word_1_521' title='bbox 362 3995 429 4051; x_wconf 92' lang='lat' dir='ltr'>coni.</span> <span class='ocrx_word' id='word_1_522' title='bbox 449 3997 678 4052; x_wconf 72' lang='lat' dir='ltr'>codiacenses</span> <span class='ocrx_word' id='word_1_523' title='bbox 713 4006 810 4053; x_wconf 67' lang='lat' dir='ltr'>oenus</span> <span class='ocrx_word' id='word_1_524' title='bbox 828 3998 881 4053; x_wconf 85' lang='lat' dir='ltr'>Sed</span> <span class='ocrx_word' id='word_1_525' title='bbox 899 3999 944 4052; x_wconf 93' lang='lat' dir='ltr'>ubi</span> <span class='ocrx_word' id='word_1_526' title='bbox 962 4001 1042 4067; x_wconf 73' lang='lat' dir='ltr'>poeta</span> <span class='ocrx_word' id='word_1_527' title='bbox 1053 4000 1186 4069; x_wconf 87' lang='lat' dir='ltr'>Aeneam,</span> <span class='ocrx_word' id='word_1_528' title='bbox 1209 4006 1290 4059; x_wconf 91' lang='lat' dir='ltr'>cuius</span> <span class='ocrx_word' id='word_1_529' title='bbox 1308 4004 1370 4059; x_wconf 74' lang='lat' dir='ltr'>soei</span> 
     </span>
     <span class='ocr_line' id='line_1_52' title="bbox 189 4065 1369 4133; baseline 0.006 -17"><span class='ocrx_word' id='word_1_530' title='bbox 189 4080 273 4133; x_wconf 89' lang='lat' dir='ltr'>supra</span> <span class='ocrx_word' id='word_1_531' title='bbox 289 4081 313 4120; x_wconf 84' lang='lat' dir='ltr'>v.</span> <span class='ocrx_word' id='word_1_532' title='bbox 335 4067 391 4119; x_wconf 78' lang='lat'>184.</span> <span class='ocrx_word' id='word_1_533' title='bbox 422 4067 619 4118; x_wconf 87' lang='lat' dir='ltr'>commemorati</span> <span class='ocrx_word' id='word_1_534' title='bbox 643 4083 715 4130; x_wconf 92' lang='lat' dir='ltr'>sun,</span> <span class='ocrx_word' id='word_1_535' title='bbox 747 4065 791 4119; x_wconf 90' lang='lat' dir='ltr'>hic</span> <span class='ocrx_word' id='word_1_536' title='bbox 810 4066 896 4119; x_wconf 86' lang='lat' dir='ltr'>solum</span> <span class='ocrx_word' id='word_1_537' title='bbox 915 4067 998 4120; x_wconf 83' lang='lat' dir='ltr'>fuisse</span> <span class='ocrx_word' id='word_1_538' title='bbox 1015 4068 1130 4121; x_wconf 80' lang='lat' dir='ltr'>narrat?</span> <span class='ocrx_word' id='word_1_539' title='bbox 1163 4073 1196 4124; x_wconf 92' lang='lat' dir='ltr'>at</span> <span class='ocrx_word' id='word_1_540' title='bbox 1217 4088 1253 4127; x_wconf 88' lang='lat' dir='ltr'>ne</span> <span class='ocrx_word' id='word_1_541' title='bbox 1272 4070 1369 4127; x_wconf 83' lang='lat' dir='ltr'>etiamsi</span> 
     </span>
     <span class='ocr_line' id='line_1_53' title="bbox 190 4089 1368 4200; baseline 0.005 -16"><span class='ocrx_word' id='word_1_542' title='bbox 190 4131 223 4185; x_wconf 92' lang='lat' dir='ltr'>de</span> <span class='ocrx_word' id='word_1_543' title='bbox 241 4147 293 4184; x_wconf 91' lang='lat' dir='ltr'>uno</span> <span class='ocrx_word' id='word_1_544' title='bbox 311 4132 401 4187; x_wconf 80' lang='lat' dir='ltr'>Aenea</span> <span class='ocrx_word' id='word_1_545' title='bbox 418 4132 571 4200; x_wconf 85' lang='lat' dir='ltr'>cogitasset,</span> <span class='ocrx_word' id='word_1_546' title='bbox 598 4137 689 4188; x_wconf 88' lang='lat' dir='ltr'>tamen</span> <span class='ocrx_word' id='word_1_547' title='bbox 707 4134 735 4187; x_wconf 91' lang='lat' dir='ltr'>in</span> <span class='ocrx_word' id='word_1_548' title='bbox 753 4134 883 4188; x_wconf 91' lang='lat' dir='ltr'>eiusmodi</span> <span class='ocrx_word' id='word_1_549' title='bbox 901 4135 1034 4188; x_wconf 88' lang='lat' dir='ltr'>communi</span> <span class='ocrx_word' id='word_1_550' title='bbox 1052 4089 1320 4195; x_wconf 57' lang='lat' dir='ltr'>seutentiaquumli</span> <span class='ocrx_word' id='word_1_551' title='bbox 1336 4138 1368 4192; x_wconf 84' lang='lat' dir='ltr'>uti</span> 
     </span>
     <span class='ocr_line' id='line_1_54' title="bbox 190 4198 1368 4275; baseline 0.004 -23"><span class='ocrx_word' id='word_1_552' title='bbox 190 4199 213 4252; x_wconf 88' lang='lat' dir='ltr'>ei</span> <span class='ocrx_word' id='word_1_553' title='bbox 231 4198 359 4253; x_wconf 89' lang='lat' dir='ltr'>licuisset.</span> <span class='ocrx_word' id='word_1_554' title='bbox 378 4199 525 4254; x_wconf 87' lang='lat' dir='ltr'>Paldamus</span> <span class='ocrx_word' id='word_1_555' title='bbox 541 4201 569 4253; x_wconf 91' lang='lat' dir='ltr'>in</span> <span class='ocrx_word' id='word_1_556' title='bbox 588 4200 711 4256; x_wconf 75' lang='lat' dir='ltr'>Caesaris</span> <span class='ocrx_word' id='word_1_557' title='bbox 729 4202 866 4255; x_wconf 80' lang='lat' dir='ltr'>Zettscbr.</span> <span class='ocrx_word' id='word_1_558' title='bbox 884 4204 908 4267; x_wconf 72' lang='lat' dir='ltr'>j.</span> <span class='ocrx_word' id='word_1_559' title='bbox 927 4204 955 4255; x_wconf 84' lang='lat' dir='ltr'>d.</span> <span class='ocrx_word' id='word_1_560' title='bbox 968 4202 1124 4258; x_wconf 69' lang='lat' dir='ltr'>Ale-Was.</span> <span class='ocrx_word' id='word_1_561' title='bbox 1140 4203 1210 4259; x_wconf 85' lang='grc' dir='ltr'>ΧΗ.</span> <span class='ocrx_word' id='word_1_562' title='bbox 1231 4213 1333 4272; x_wconf 75' lang='grc'>(1854.)</span> <span class='ocrx_word' id='word_1_563' title='bbox 1349 4225 1368 4275; x_wconf 87' lang='lat' dir='ltr'>p.</span> 
     </span>
     <span class='ocr_line' id='line_1_55' title="bbox 190 4267 1369 4390; baseline 0.01 -71"><span class='ocrx_word' id='word_1_564' title='bbox 190 4270 247 4347; x_wconf 61' lang='lat'>²42.</span> <span class='ocrx_word' id='word_1_565' title='bbox 284 4267 388 4321; x_wconf 84' lang='lat' dir='ltr'>Puncta</span> <span class='ocrx_word' id='word_1_566' title='bbox 408 4284 461 4320; x_wconf 91' lang='lat' dir='ltr'>non</span> <span class='ocrx_word' id='word_1_567' title='bbox 479 4269 541 4335; x_wconf 87' lang='lat' dir='ltr'>post</span> <span class='ocrx_word' id='word_1_568' title='bbox 553 4278 679 4348; x_wconf 66' lang='lat' dir='ltr'>perperit,</span> <span class='ocrx_word' id='word_1_569' title='bbox 707 4270 754 4324; x_wconf 88' lang='lat' dir='ltr'>sed</span> <span class='ocrx_word' id='word_1_570' title='bbox 772 4271 834 4338; x_wconf 92' lang='lat' dir='ltr'>post</span> <span class='ocrx_word' id='word_1_571' title='bbox 852 4269 997 4323; x_wconf 80' lang='lat' dir='ltr'>Pascentes</span> <span class='ocrx_word' id='word_1_572' title='bbox 1013 4270 1100 4390; x_wconf 89' lang='lat' dir='ltr'>posito</span> <span class='ocrx_word' id='word_1_573' title='bbox 1118 4274 1163 4337; x_wconf 84' lang='lat' dir='ltr'>(ut</span> <span class='ocrx_word' id='word_1_574' title='bbox 1181 4273 1260 4330; x_wconf 85' lang='lat' dir='ltr'>Med.</span> <span class='ocrx_word' id='word_1_575' title='bbox 1280 4276 1369 4330; x_wconf 81' lang='lat' dir='ltr'>distin-</span> 
     </span>
     <span class='ocr_line' id='line_1_56' title="bbox 189 4336 1370 4455; baseline 0.007 -69"><span class='ocrx_word' id='word_1_576' title='bbox 189 4337 270 4455; x_wconf 54' lang='grc' dir='ltr'>ἔπη),</span> <span class='ocrx_word' id='word_1_577' title='bbox 283 4352 331 4404; x_wconf 90' lang='lat' dir='ltr'>pro</span> <span class='ocrx_word' id='word_1_578' title='bbox 342 4343 495 4404; x_wconf 66' lang='lat' dir='ltr'>septennem</span> <span class='ocrx_word' id='word_1_579' title='bbox 507 4336 612 4389; x_wconf 77' lang='lat' dir='ltr'>coniicit</span> <span class='ocrx_word' id='word_1_580' title='bbox 625 4354 653 4390; x_wconf 84' lang='lat' dir='ltr'>se</span> <span class='ocrx_word' id='word_1_581' title='bbox 672 4346 782 4400; x_wconf 68' lang='lat' dir='ltr'>mntem,</span> <span class='ocrx_word' id='word_1_582' title='bbox 803 4340 834 4390; x_wconf 90' lang='lat' dir='ltr'>ut</span> <span class='ocrx_word' id='word_1_583' title='bbox 846 4336 878 4391; x_wconf 91' lang='lat' dir='ltr'>de</span> <span class='ocrx_word' id='word_1_584' title='bbox 887 4337 970 4390; x_wconf 89' lang='lat' dir='ltr'>oculis</span> <span class='ocrx_word' id='word_1_585' title='bbox 983 4353 1012 4391; x_wconf 89' lang='lat' dir='ltr'>eo</span> <span class='ocrx_word' id='word_1_586' title='bbox 1025 4338 1171 4392; x_wconf 89' lang='lat' dir='ltr'>umbarum</span> <span class='ocrx_word' id='word_1_587' title='bbox 1185 4358 1281 4398; x_wconf 89' lang='lat' dir='ltr'>sermo</span> <span class='ocrx_word' id='word_1_588' title='bbox 1293 4346 1337 4403; x_wconf 89' lang='lat' dir='ltr'>sit.</span> <span class='ocrx_word' id='word_1_589' title='bbox 1349 4347 1370 4396; x_wconf 84' lang='lat' dir='ltr'>el</span> 
     </span>
     <span class='ocr_line' id='line_1_57' title="bbox 209 4402 1371 4473; baseline 0.006 -18"><span class='ocrx_word' id='word_1_590' title='bbox 209 4419 255 4455; x_wconf 86' lang='lat' dir='ltr'>aec</span> <span class='ocrx_word' id='word_1_591' title='bbox 287 4402 393 4456; x_wconf 78' lang='lat' dir='ltr'>adiicit:</span> <span class='ocrx_word' id='word_1_592' title='bbox 429 4403 541 4471; x_wconf 85' lang='lat' dir='ltr'>„Imago</span> <span class='ocrx_word' id='word_1_593' title='bbox 573 4403 660 4457; x_wconf 87' lang='lat' dir='ltr'>colum</span> <span class='ocrx_word' id='word_1_594' title='bbox 680 4421 758 4459; x_wconf 89' lang='lat' dir='ltr'>arum</span> <span class='ocrx_word' id='word_1_595' title='bbox 788 4403 851 4458; x_wconf 85' lang='grc'>(111111</span> <span class='ocrx_word' id='word_1_596' title='bbox 881 4407 995 4473; x_wconf 87' lang='lat' dir='ltr'>pascunt</span> <span class='ocrx_word' id='word_1_597' title='bbox 1021 4406 1198 4473; x_wconf 78' lang='lat' dir='ltr'>pergentium</span> <span class='ocrx_word' id='word_1_598' title='bbox 1216 4414 1311 4467; x_wconf 81' lang='lat' dir='ltr'>verior</span> <span class='ocrx_word' id='word_1_599' title='bbox 1327 4416 1371 4466; x_wconf 79' lang='lat' dir='ltr'>est</span> 
     </span>
    </p>
   </div>
   <div class='ocr_carea' id='block_1_4' title="bbox 99 4470 1372 4593">
    <p class='ocr_par' dir='ltr' id='par_1_5' title="bbox 99 4470 1372 4593">
     <span class='ocr_line' id='line_1_58' title="bbox 99 4470 1372 4593; baseline 0.008 -72"><span class='ocrx_word' id='word_1_600' title='bbox 99 4490 103 4511; x_wconf 71' lang='grc' dir='ltr'><strong><em>ν</em></strong></span> <span class='ocrx_word' id='word_1_601' title='bbox 189 4485 270 4589; x_wconf 63' lang='lat' dir='ltr'>guam</span> <span class='ocrx_word' id='word_1_602' title='bbox 288 4470 403 4524; x_wconf 86' lang='lat' dir='ltr'>volando</span> <span class='ocrx_word' id='word_1_603' title='bbox 421 4470 587 4539; x_wconf 86' lang='lat' dir='ltr'>pascentium</span> <span class='ocrx_word' id='word_1_604' title='bbox 607 4475 633 4525; x_wconf 88' lang='lat' dir='ltr'>et</span> <span class='ocrx_word' id='word_1_605' title='bbox 650 4472 819 4527; x_wconf 89' lang='lat' dir='ltr'>abundantia</span> <span class='ocrx_word' id='word_1_606' title='bbox 838 4473 946 4541; x_wconf 82' lang='lat' dir='ltr'>ingrata</span> <span class='ocrx_word' id='word_1_607' title='bbox 965 4476 1007 4526; x_wconf 91' lang='lat' dir='ltr'>est</span> <span class='ocrx_word' id='word_1_608' title='bbox 1017 4481 1168 4593; x_wconf 70' lang='lat' dir='ltr'>pascentes</span> <span class='ocrx_word' id='word_1_609' title='bbox 1187 4508 1224 4519; x_wconf 85' lang='lat'><em>-</em></span> <span class='ocrx_word' id='word_1_610' title='bbox 1243 4481 1372 4535; x_wconf 75' lang='lat' dir='ltr'>cotanda</span> 
     </span>
    </p>
   </div>
   <div class='ocr_carea' id='block_1_5' title="bbox 192 4537 1373 4687">
    <p class='ocr_par' dir='ltr' id='par_1_6' title="bbox 192 4537 1373 4687">
     <span class='ocr_line' id='line_1_59' title="bbox 208 4537 1372 4618; baseline 0.007 -29"><span class='ocrx_word' id='word_1_611' title='bbox 208 4537 316 4605; x_wconf 84' lang='lat' dir='ltr'>equitur</span> <span class='ocrx_word' id='word_1_612' title='bbox 341 4540 432 4618; x_wconf 78' lang='lat' dir='ltr'>autem</span> <span class='ocrx_word' id='word_1_613' title='bbox 449 4539 554 4592; x_wconf 84' lang='lat' dir='ltr'>Aeneas</span> <span class='ocrx_word' id='word_1_614' title='bbox 572 4541 729 4608; x_wconf 87' lang='lat' dir='ltr'>necessario,</span> <span class='ocrx_word' id='word_1_615' title='bbox 758 4541 823 4594; x_wconf 87' lang='lat' dir='ltr'>dum</span> <span class='ocrx_word' id='word_1_616' title='bbox 841 4540 966 4594; x_wconf 80' lang='lat' dir='ltr'>observat</span> <span class='ocrx_word' id='word_1_617' title='bbox 983 4557 1015 4593; x_wconf 83' lang='lat' dir='ltr'>vo</span> <span class='ocrx_word' id='word_1_618' title='bbox 1028 4544 1106 4596; x_wconf 85' lang='lat' dir='ltr'>antes</span> <span class='ocrx_word' id='word_1_619' title='bbox 1125 4552 1242 4611; x_wconf 82' lang='lat' dir='ltr'>porro.‘¹</span> <span class='ocrx_word' id='word_1_620' title='bbox 1262 4583 1298 4590; x_wconf 87' lang='lat'>-</span> <span class='ocrx_word' id='word_1_621' title='bbox 1314 4547 1372 4609; x_wconf 74' lang='lat'>201.</span> 
     </span>
     <span class='ocr_line' id='line_1_60' title="bbox 192 4601 1373 4687; baseline 0.01 -32"><span class='ocrx_word' id='word_1_622' title='bbox 192 4601 230 4655; x_wconf 88' lang='lat' dir='ltr'>Do</span> <span class='ocrx_word' id='word_1_623' title='bbox 248 4605 381 4658; x_wconf 77' lang='lat' dir='ltr'>Averno</span> <span class='ocrx_word' id='word_1_624' title='bbox 404 4604 457 4658; x_wconf 83' lang='lat' dir='ltr'>md.</span> <span class='ocrx_word' id='word_1_625' title='bbox 475 4606 511 4660; x_wconf 91' lang='lat' dir='ltr'>ad</span> <span class='ocrx_word' id='word_1_626' title='bbox 529 4607 581 4672; x_wconf 92' lang='lat' dir='ltr'>III,</span> <span class='ocrx_word' id='word_1_627' title='bbox 612 4611 668 4662; x_wconf 78' lang='grc'>386.</span> <span class='ocrx_word' id='word_1_628' title='bbox 692 4642 722 4649; x_wconf 91' lang='grc'>-</span> <span class='ocrx_word' id='word_1_629' title='bbox 740 4624 843 4677; x_wconf 71' lang='lat' dir='ltr'>prave</span> <span class='ocrx_word' id='word_1_630' title='bbox 870 4607 1006 4662; x_wconf 80' lang='lat' dir='ltr'>olentis.</span> <span class='ocrx_word' id='word_1_631' title='bbox 1041 4608 1083 4664; x_wconf 77' lang='lat' dir='ltr'>Cf.</span> <span class='ocrx_word' id='word_1_632' title='bbox 1108 4608 1183 4666; x_wconf 80' lang='lat' dir='ltr'>inira</span> <span class='ocrx_word' id='word_1_633' title='bbox 1202 4630 1228 4669; x_wconf 84' lang='lat' dir='ltr'>v.</span> <span class='ocrx_word' id='word_1_634' title='bbox 1249 4621 1304 4672; x_wconf 70' lang='lat'>240</span> <span class='ocrx_word' id='word_1_635' title='bbox 1322 4633 1373 4687; x_wconf 79' lang='lat' dir='ltr'>sqq.</span> 
     </span>
    </p>
   </div>
   <div class='ocr_carea' id='block_1_6' title="bbox 0 0 1436 4964">
    <p class='ocr_par' dir='ltr' id='par_1_7' title="bbox 0 0 1436 4964">
     <span class='ocr_line' id='line_1_61' title="bbox 0 0 1436 4964; baseline 0 0"><span class='ocrx_word' id='word_1_636' title='bbox 0 0 1436 4964; x_wconf 95' lang='lat' dir='ltr'> </span> 
     </span>
    </p>
   </div>
   <div class='ocr_carea' id='block_1_7' title="bbox 1427 15 1429 832">
    <p class='ocr_par' dir='ltr' id='par_1_8' title="bbox 1427 15 1429 832">
     <span class='ocr_line' id='line_1_62' title="bbox 1427 15 1429 832; baseline 0 0"><span class='ocrx_word' id='word_1_637' title='bbox 1427 15 1429 832; x_wconf 95' lang='lat' dir='ltr'> </span> 
     </span>
    </p>
   </div>
  </div>
 </body>
</html>
