2858 4964
456 207 687 274 AENEIDOS
709 207 791 276 LIB.
814 209 870 276 VI.

81 370 158 440 Duc
178 375 292 460 nigras
315 375 476 462 pecudes,
496 397 536 440 ea
555 376 664 462 prima
684 373 815 460 piacula
835 385 939 441 sunto.

81 457 136 521 Sic
157 457 286 524 demum
307 458 397 524 lucos
421 458 533 545 Stygis
557 468 590 524 et
611 480 714 543 regua
735 458 825 522 invia
846 461 927 523 vivis

79 540 262 627 Aspicies.“
304 541 401 606 Dixit
421 563 601 628 pressoque
622 540 781 606 obmutuit
803 562 866 605 ore.

164 624 294 689 Aeneas
317 634 442 690 maesto
465 624 592 689 defixus
615 623 739 688 lumina
761 623 850 688 voltu

35 756 37 759 -
79 705 267 792 Ingreditur
288 707 437 795 linquens
459 716 588 773 antrum
612 729 726 772 caecos
751 729 791 772 ue
811 707 939 772 volutat

81 789 229 855 Eventus
249 792 358 855 animo
381 813 501 857 secum.
544 790 607 857 cui
627 790 712 855 fidus
766 790 877 855 chates

79 870 110 937 It
131 894 238 938 comes
260 884 292 939 et
314 874 452 960 paribus
475 874 563 938 curis
582 874 723 959 vestigia
744 874 824 959 tigit.

78 954 183 1021 Multa
203 957 288 1022 inter
310 979 382 1022 sese
403 956 497 1023 vario
520 978 667 1023 sermone
689 956 852 1040 serebant,

84 1159 294 1172 1——1-

78 1309 185 1375 poterat
202 1309 274 1365 infra
291 1309 352 1375 VII,
374 1312 397 1365 3.
426 1309 468 1364 Gi.
487 1311 570 1365 etiam
588 1308 725 1366 Schirach.
744 1327 770 1381 p.
790 1313 840 1365 580
858 1327 898 1381 sq.
926 1312 1026 1383 Negarl
1043 1315 1134 1367 tamen
1151 1315 1254 1384 nequit,

78 1379 137 1428 tum
154 1376 226 1431 idem
244 1377 286 1432 bis
304 1377 370 1433 dici:
393 1379 504 1432 redibas
519 1378 578 1459 sois
593 1379 670 1448 refer
686 1387 712 1432 et
727 1381 813 1433 conde
829 1381 974 1460 sepulchro
982 1400 993 1449 ,·
1011 1396 1094 1501 {nare
1111 1381 1201 1462 nescio
1219 1398 1254 1436 au

77 1446 199 1511 praestet
218 1446 305 1499 ultera
322 1445 407 1499 Servs
424 1446 582 1514 erpbcatroz
605 1447 694 1510 „refer
710 1446 781 1500 hunc
799 1447 969 1502 naturehbus
987 1465 1016 1503 se
1036 1450 1105 1513 rbus,
1125 1466 1142 1503 ι.
1156 1467 1178 1504 s.
1197 1452 1254 1503 ter-

76 1526 138 1699 {tt
155 1516 293 1634 illdntt
302 1515 540 1636 1111971711
558 1514 1254 1652 dttttttttttttlttttttlt

99 1644 144 1700 ,1.
162 1650 190 1700 et
215 1648 249 1702 ad
267 1648 344 1704 Ovid.
371 1648 432 1702 Am.
452 1651 490 1712 ΙΙ,
522 1652 562 1714 ll,
597 1652 637 1704 30.
668 1650 799 1720 disputat.
817 1680 850 1690 -
869 1655 974 1705 conde
1001 1668 1033 1704 se
1061 1654 1192 1715 celebro,
1224 1655 1255 1704 ut

78 1729 160 1780 supra
177 1714 228 1777 III,
257 1719 299 1770 68.
320 1716 392 1771 etin
410 1717 493 1774 suth.
514 1717 616 1781 Lati,
643 1721 699 1782 178,
726 1720 783 1771 139.
818 1718 944 1772 Ceteram
969 1734 1016 1773 cnr
1033 1670 1084 1773 bbc
1102 1719 1252 1773 faciendum
1289 1777 1293 1786 ,

78 1781 123 1846 sit,
142 1785 254 1851 apparet
269 1783 342 1837 iufra
361 1800 392 1838 ex
408 1801 432 1839 v.
454 1788 512 1839 ³28.
533 1815 561 1823 —
583 1782 645 1845 153,
663 1785 722 1839 Hoc
739 1785 908 1850 sacrificium,
928 1786 998 1855 quod
1016 1787 1049 1840 fit
1066 1787 1137 1840 infra
1153 1803 1178 1840 v.
1195 1791 1252 1840 243.

78 1864 147 1917 sqq,
167 1865 219 1903 non
239 1868 251 1903 s
271 1853 363 1932 ectsre
377 1851 411 1905 ad
429 1852 573 1920 Misenum,
592 1851 692 1906 esdad
710 1854 874 1921 potestatem
892 1853 992 1933 inferos
1010 1853 1135 1917 adeundi,
1160 1870 1208 1924 per
1225 1872 1254 1908 se

76 1920 235 2064 ltttn,
254 1919 1253 2068 ,ttt'tttttt‘f‘siftsttttd‘ttllclttttit:

78 2068 239 2120 —prrma
292 2055 420 2119 ioculo,
450 2056 469 2110 i.
492 2073 515 2112 e.
545 2054 629 2123 prius,
659 2057 722 2109 ante
753 2054 805 2109 dns
836 2055 983 2119 offerenda3
1015 2072 1078 2110 uam
1109 2059 1254 2126 antequam

78 2117 223 2172 descensus
243 2072 287 2199 ars
296 2121 395 2175 inferos
413 2122 522 2186 licebat,
541 2139 616 2177 sacro
634 2123 765 2191 piaculari
781 2123 906 2193 placandi
925 2125 1003 2178 eraut
1019 2125 1121 2178 Manes.
1145 2124 1184 2177 De
1204 2124 1254 2178 hoc

76 2199 129 2237 usu
146 2201 201 2239 voc.
217 2204 326 2255 pnnrsre
342 2187 395 2242 vid.
414 2190 448 2243 ad
468 2190 491 2253 I,
507 2192 562 2254 124.
581 2193 609 2244 et
625 2191 660 2248 cf.
678 2191 773 2260 ngn.
792 2192 841 2256 Qu
860 2191 939 2258 Verg.
957 2191 1084 2259 XXVIII,
1116 2196 1140 2254 3,
1171 2190 1198 2244 d.
1227 2208 1253 2260 p.

79 2255 137 2305 6³2.
172 2253 289 2322 Sllpllius
319 2257 411 2309 tamen
438 2257 533 2327 priora
550 2258 664 2336 propris
686 2258 883 2326 significatione
900 2258 956 2313 acci
975 2259 1085 2313 iendum
1103 2261 1192 2329 putat,
1223 2265 1255 2312 at

76 2322 195 2388 quatuor
216 2337 302 2389 agnae
327 2323 355 2375 ui
375 2339 421 2377 rae
443 2323 500 2376 sint
516 2339 603 2392 prima
620 2339 704 2388 sacre,
734 2341 802 2394 quae
821 2325 917 2379 deinde
973 2329 1162 2396 asequantur,
1192 2325 1254 2379 coll.

80 2403 104 2440 v.
124 2390 183 2467 219.
211 2394 240 2467 ct
259 2340 402 2469 pls-sir.
438 2389 490 2445 Sed
512 2390 657 2469 sinsibylls
674 2391 822 2470 iperium
839 2393 927 2461 prima
951 2397 980 2447 et
996 2394 1084 2449 altera
1100 2411 1177 2448 sacra
1196 2394 1254 2463 pis·
1282 2430 1285 2436 .

79 2454 185 2508 culsne
202 2454 389 2526 distingueret,
408 2473 495 2511 nonne
512 2459 595 2511 etism
612 2456 709 2511 horum
725 2458 825 2513 diserte
844 2459 1006 2514 mentionem
1018 2460 1106 2516 facere
1118 2461 1254 2516 debebat?

78 2521 205 2577 Ceterum
223 2524 341 2592 respexit
357 2525 428 2578 bunc
446 2525 535 2578 locum
552 2525 634 2579 Silius
651 2525 728 2587 XIII,
752 2530 812 2579 405.
833 2533 955 2580 mactare
978 2529 1096 2596 repostis
1113 2528 1181 2580 Mos
1196 2546 1254 2581 am·

81 2591 139 2644 bris
155 2621 187 2628 -
206 2599 335 2646 cosmeta
349 2591 467 2664 pinario
482 2593 579 2660 nigras
599 2593 657 2647 sce
673 2594 760 2646 lacem
774 2597 902 2663 pecuedes.
923 2624 955 2632 -
973 2593 1036 2655 154.
1065 2596 1161 2648 iocor
1179 2596 1254 2664 Sty·

79 2659 131 2726 pis
156 2665 187 2711 et
212 2675 317 2724 recreo
345 2661 410 2714 cett.
441 2660 476 2713 ob
498 2659 639 2713 meliorum
657 2660 739 2714 Codd.
762 2662 952 2715 auctoritatem
970 2678 1031 2715 curn
1049 2662 1144 2731 ngu.
1163 2666 1173 2729 (
1194 2679 1254 2716 uem

79 2726 162 2780 etiam
179 2714 294 2791 Peerlk,
314 2727 407 2781 Gossr.
426 2729 455 2782 ct
471 2743 563 2781 omnes
582 2727 638 2781 fere
655 2727 815 2783 recentiores
834 2728 950 2783 editores
967 2732 1127 2799 sequuntur)
1140 2680 1254 2784 reditui.

80 2792 207 2862 Vulgaris
228 2794 298 2849 enim
317 2794 405 2858 lectio,
425 2795 460 2849 ab
476 2795 586 2848 Heinsio
604 2795 711 2849 invecta
729 2799 756 2850 et
773 2812 790 2850 a
806 2796 841 2852 sn
862 2795 907 2849 flio
924 2802 952 2850 et
969 2797 1006 2850 Br
1024 2813 1070 2851 ceo
1088 2803 1196 2852 serrata
1213 2800 1256 2851 lo·

78 2879 126 2914 ros
146 2862 178 2914 St
196 2863 265 2930 pios,
292 2879 378 2932 repro
406 2866 498 2932 (quem
524 2863 650 2917 exhibent
665 2863 826 2932 MInorsug,
875 2879 932 2918 ern.
951 2864 988 2917 II.
1006 2813 1058 2918 ill.
1084 2868 1166 2933 atque
1184 2881 1200 2918 a
1219 2882 1254 2918 m.

80 2944 132 2982 see.
143 2879 201 2983 Psi.
214 2932 242 2983 et
250 2930 320 2985 (iud.
336 2972 342 2995 ,
355 2931 488 3000 quomodo
501 2933 561 2985 orta
570 2931 615 2995 sit,
626 2931 655 2985 id
667 2930 745 2985 docet
754 2934 882 2998 corrupta
892 2931 963 2986 Med.
974 2947 992 2984 a
1000 2948 1037 2986 m.
1048 2949 1089 3001 pr.
1102 2937 1130 2985 et
1141 2933 1255 2985 Romani

80 2995 159 3049 lectio
177 2996 281 3065 Stypidr
307 3006 331 3051 et
352 3016 447 3067 repara,
478 2998 549 3052 unde
572 2998 600 3051 in
622 2998 683 3052 aliis
701 2998 751 3068 Sty
770 3000 813 3052 ior
836 3006 863 3052 et
882 3015 967 3067 repro
1003 2999 1031 3052 in
1054 2998 1115 3053 aliis
1132 2999 1254 3068 denique,

82 3080 144 3116 curn
162 3068 279 3118 metrum
297 3065 470 3133 claudicaret,
498 3064 617 3136 Stygios,
644 3083 730 3135 repro
751 3016 856 3120 iactum
873 3069 923 3120 est.
958 3039 1032 3133 dume
1049 3069 1139 3120 autem
1160 3067 1253 3135 Wagn.

79 3130 130 3196 Qu.
151 3131 229 3211 Verg.
248 3132 383 3212 xxxin,
403 3136 429 3187 8.
453 3137 593 3203 praeterea
615 3134 744 3204 vulgatae
770 3133 880 3189 lectioni
908 3133 1044 3215 aduersari
1073 3136 1172 3214 censet,
1201 3150 1254 3187 nou

80 3202 257 3345 stertet
292 3199 456 3332 91799
477 3200 1254 3333 91111111919911111911

74 3334 333 3401 srsrrslumr‘na.
368 3333 410 3388 Oi.
499 3337 757 3401 ,520.defier'ora
774 3338 905 3398 terrebant,
925 3337 1256 3400 [discissam-stoma

81 3401 110 3452 r'rr
129 3401 230 3465 obtato,
249 3401 382 3462 711219.
404 3404 496 3468 defice
515 3404 609 3455 obtato
626 3411 696 3456 terret
713 3422 773 3465 oro,
791 3402 912 3457 Werusd.
931 3403 961 3458 P.
974 3405 1035 3458 Lat.
1053 3405 1116 3458 min.
1129 3404 1176 3466 IV,
1196 3409 1253 3466 599,

81 3472 105 3523 4.
125 3469 160 3520 de
179 3487 214 3521 so
241 3469 342 3522 lamiae
367 3476 457 3524 terroe
482 3471 511 3523 et
537 3470 638 3524 similes
656 3471 715 3527 loci.
752 3472 792 3524 lle
810 3471 1008 3525 constructione
1024 3471 1078 3526 sid.
1097 3471 1201 3527 adnott.
1220 3472 1254 3526 ad

80 3534 137 3588 Ecl.
171 3576 177 3599 ,
198 3539 238 3589 54.
258 3536 309 3601 ΙΠ,
331 3540 386 3591 196.
406 3536 440 3591 sl.
460 3567 489 3576 -
510 3536 572 3596 let.
595 3539 633 3591 Io
662 3539 806 3600 reditur,
826 3538 935 3593 incedit.
954 3539 1015 3594 Vid.
1033 3539 1081 3598 IV,
1102 3540 1253 3601 17711111,

80 3606 139 3656 309,
157 3605 185 3656 et
202 3603 237 3656 sl.
256 3633 288 3642 -
307 3620 426 3658 coecos
443 3612 593 3669 crentur,
626 3555 761 3668 obscuros,
794 3621 846 3660 non
899 3622 925 3660 rs
945 3606 1031 3671 lcuos3
1061 3607 1165 3662 deneas
1183 3608 1253 3662 enim

79 3669 177 3722 Miseni
193 3678 295 3724 sortem
314 3672 322 3724 i
343 3687 443 3726 uorans
462 3688 514 3725 uon
533 3673 669 3742 perspicit,
687 3689 740 3742 quo
758 3674 840 3728 verba
871 3623 971 3744 ibylbs
988 3678 1025 3742 (v.
1040 3679 1088 3730 149
1107 3677 1177 3756 sqq.)
1194 3690 1254 3744 per·

80 3738 194 3792 tineent.
224 3737 292 3817 ‘vid
310 3687 345 3792 sd
366 3739 430 3793 (ico.
451 3739 473 3803 I,
492 3743 533 3793 89.
551 3743 610 3794 stt.
627 3741 693 3797 Aen.
711 3742 733 3804 I,
753 3745 811 3795 356.
829 3741 865 3795 al.
879 3771 912 3781 —
929 3744 1060 3797 volutat
1076 3761 1186 3797 anemo
1204 3759 1253 3796 se-

82 3822 163 3859 cam.
198 3804 442 3860 buinnaadv.
467 3807 656 3868 ren-159.
684 3811 829 3863 Achates
852 3809 878 3861 it
899 3826 1013 3864 comer.
1048 3810 1253 3880 Vidsuprav.

80 3877 121 3927 34.
140 3903 173 3911 —
190 3873 279 3927 verti
305 3873 339 3927 ia
356 3875 470 3942 figere
487 3890 541 3928 nou
558 3874 629 3928 idem
646 3875 827 3931 videturesse
848 3893 908 3930 oum
926 3878 1041 3946 certqio
1056 3894 1159 3958 ponere
1178 3878 1253 3942 (lieo.

81 3941 131 4003 lll,
154 3944 207 3994 195.
226 3943 255 3993 et
272 3891 330 4008 ai),
350 3941 485 3995 sedidem
506 3942 569 4004 lere,
587 3942 657 4011 quod
676 3943 748 3997 infra
763 3960 789 3996 v.
805 3947 860 3998 197.
878 3947 907 3997 et
919 3948 978 3999 331.
994 3946 1109 4012 cancia
1120 3961 1253 4014 memore,

80 4009 107 4063 h.
126 4025 148 4061 e.
168 4007 246 4061 tarde
284 4008 448 4077 pedetentim
470 4009 592 4064 incedere
616 4011 645 4064 et
661 4010 776 4066 subinde
793 4011 948 4073 subsistere,
976 4011 1047 4080 qaod
1070 4011 1254 4065 benedicitur

79 4076 113 4130 de
141 4048 294 4130 homiuibus
321 4077 445 4131 sollicitis
473 4079 501 4130 et
517 4077 606 4131 multa
623 4093 713 4131 secum
732 4079 910 4132 volventibus.
946 4079 1098 4147 Conington
1135 4084 1253 4133 ceterum

79 4143 146 4198 milri
176 4143 339 4207 adsentiens,
368 4146 461 4197 tamen
491 4144 643 4199 oinionem
670 4162 757 4200 meam
776 4161 829 4199 non
849 4145 935 4199 iuvari
952 4149 1084 4200 memorat
1100 4120 1158 4200 loeo
1175 4147 1253 4200 Lucu.

78 4211 131 4276 lIl,
155 4215 179 4269 ³.
210 4213 292 4281 inque
322 4211 476 4290 traducor
525 4213 567 4266 ‘a
586 4212 691 4338 {potius
710 4214 808 4267 dicto:
837 4211 890 4268 vid.
914 4211 1019 4266 adnott.
1037 4214 1137 4282 mesni]
1151 4216 1255 4292 pertram

75 4297 153 4349 porro
171 4279 276 4349 pressis
292 4279 406 4346 restipso
423 4279 569 4345 1791111-
602 4279 648 4339 69.
678 4280 823 4334 Verissime
840 4280 947 4349 Herse:
976 4280 1120 4343 „Ceterum
1140 4282 1253 4348 mireris,

79 4362 128 4399 cur
145 4363 197 4400 non
214 4346 242 4399 in
260 4345 384 4400 Palinuri
401 4346 567 4415 insepultam
585 4362 680 4414 corpus
697 4348 800 4402 incidat
811 4347 917 4402 Aeneae
934 4347 1071 4415 cogitatio,
1110 4364 1146 4402 ua
1162 4351 1253 4404 tamen

79 4413 156 4467 nulla
173 4413 246 4483 prior
262 4429 321 4468 esse
340 4413 469 4468 debebat:
489 4415 541 4468 uisi
559 4415 630 4484 quod
649 4415 745 4471 Miseni
762 4415 877 4469 cadaver
892 4415 921 4467 in
940 4415 1059 4484 proximo
1077 4415 1098 4469 li
1127 4432 1157 4469 re
1173 4415 1252 4477 iacet,

80 4480 190 4550 eiusque
218 4481 362 4536 celebritas
388 4482 441 4535 tuit
468 4498 568 4550 magna
593 4485 703 4551 propter
720 4483 931 4551 promontorium
951 4481 985 4536 ab
1002 4499 1033 4536 eo
1051 4482 1217 4552 appellatum
1224 4490 1251 4547 ;“

79 4563 165 4616 neque
183 4548 267 4616 video,
297 4549 429 4619 quomodo
446 4550 541 4619 Wagn.
563 4549 723 4604 consuderc
745 4550 840 4619 possit,
868 4549 936 4603 nibil
957 4548 1002 4603 hic
1026 4550 1177 4604 mirandum
1195 4567 1253 4604 esse

78 4630 220 4683 apparere,
249 4617 272 4669 si
289 4632 315 4671 v.
336 4621 391 4672 169.
416 4633 507 4671 secum
525 4616 700 4687 explicemus:
732 4617 840 4686 „multa
857 4617 930 4672 varie
948 4617 1144 4680 coniectabant,
1173 4633 1251 4688 quem
