2874 4972
204 216 264 277 540
557 209 592 274 Ρ.
613 207 802 276 VERGILI
822 209 1021 277 MARONIS

205 373 342 460 Semper
362 372 553 443 honoratum
574 415 616 428 -·
637 377 685 440 sic
708 375 743 441 di
764 373 911 442 voluistis
934 410 973 422 —
994 374 1131 442 habebo.
1349 391 1379 442 to

204 456 302 522 Hune
322 477 382 542 ego
406 458 554 527 Gaetulis
575 460 757 548 agerem-si
779 457 931 546 Syrtibus
952 457 1048 524 exsul

204 537 402 625 Argolicove
421 544 505 609 mari
527 543 706 635 deprensus
728 550 760 608 et
780 541 861 607 urbe
882 540 1051 629 Mycenae,

206 771 366 842 disputans),
400 776 541 845 praeterea
563 776 655 831 autem
675 775 767 831 Bentl.
790 774 827 830 66
843 774 908 832 Η66.
925 774 975 843 Ep.
993 772 1016 837 Ι,
1041 775 1066 839 2,
1089 777 1114 830 6.
1143 774 1202 832 Vol
1223 775 1246 832 1.
1272 793 1301 847 p.
1326 781 1380 832 168.

205 839 356 895 Gembard.
374 843 403 897 in
419 842 441 896 E
460 843 505 898 ist.
523 843 559 898 ed
576 843 662 899 Homo
683 887 689 899 .
707 843 741 898 de
758 842 819 897 Tse.
836 841 901 912 Agr.
920 845 946 896 2.
963 841 1065 897 Vimar.
1086 844 1160 897 1838.
1182 861 1208 914 p.
1231 847 1271 899 16.
1292 844 1380 900 lebnii

205 906 272 962 Nor.
289 908 396 966 Annali.
416 928 434 980 p
456 910 485 966 'l.
503 912 530 965 et
548 911 625 981 paed.
669 911 703 965 ol.
720 909 821 965 XXIlL
844 927 869 980 p.
888 912 945 965 341.
964 910 993 962 66
1010 907 1086 965 lahn.
1106 909 1163 979 ipse
1181 910 1216 965 ad
1234 910 1263 967 b.
1283 912 1313 978 1.,
1339 913 1379 967 661

204 974 237 1028 oi
254 976 335 1044 (quod
349 977 421 1034 inter
438 994 530 1033 omnes
547 979 707 1034 recentiores
726 977 842 1033 editores
861 993 931 1031 uuus
949 976 1028 1031 modo
1046 976 1131 1047 Bryce
1149 979 1280 1048 66666616)
1298 980 1379 1034 maio-

206 1057 262 1096 rem
284 1044 425 1114 emphasin
450 1044 550 1100 habere
567 1047 681 1108 ridetur,
708 1060 788 1115 quam
823 1060 873 1099 uae
891 1060 952 1098 cnm
969 1042 1020 1099 hoo
1039 1042 1097 1099 loco
1115 1048 1257 1116 congruat.
1293 1047 1381 1104 Verba

205 1110 319 1179 1666666
340 1113 401 1167 dies
431 1113 488 1168 6161
519 1112 604 1181 ullor,
628 1115 706 1168 adest
722 1113 810 1167 iteran
843 1112 902 1167 rin
918 1110 1004 1168 suth.
1023 1110 1086 1166 Lat.
1103 1112 1126 1175 l,
1147 1116 1204 1178 172,
1222 1118 1265 1168 97.
1285 1145 1318 1154 -
1336 1114 1380 1176 nd.

206 1177 277 1231 Sem
306 1195 351 1234 er.
386 1153 447 1235 did.
469 1197 486 1235 a
505 1182 574 1236 nott.
598 1181 634 1236 ad
656 1181 713 1235 Eel.
736 1180 758 1244 Ι,
782 1183 823 1234 53.
843 1210 874 1219 -
893 1180 1099 1234 honoratum.
1134 1180 1199 1236 Dies
1228 1181 1380 1237 bonoratur

206 1246 247 1300 est
264 1262 277 1297 s
308 1247 354 1300 tus
371 1248 469 1318 uliquis
485 1247 551 1311 dies,
570 1265 622 1318 quo
640 1247 692 1302 diis
709 1248 834 1309 71666666,
855 1246 994 1310 sacrificia,
1013 1246 1163 1302 offeruntur
1180 1248 1209 1302 in
1222 1250 1379 1305 memoriam

205 1313 252 1434 lll
302 1329 353 1435 ppo
377 1332 408 1370 eo
428 1313 1049 1437 ,6661616ι66616661666’6))611ἰ66ξ16161
1070 1313 1299 1439 Otlisadpoptlibsd
1314 1317 1382 1439 ⁶⁰2²

206 1386 820 1572 661666,’661160,ΞῘ)1336ᾞ1116”6,166611
839 1399 879 1504 6166
896 1397 1176 1517 66θ16166111611161ιῖ61ιίι
1189 1401 1275 1506 indel
1292 1402 1379 1507 306661

207 1530 288 1569 causa
305 1516 439 1572 adiicitur.
536 1534 569 1572 su
588 1535 619 1573 ra
635 1518 672 1586 Π,
691 1521 751 1573 427.
771 1517 848 1572 0616.
867 1517 934 1572 Met.
951 1516 973 1580 l,
993 1520 1050 1572 366.
1069 1517 1145 1581 XIII,
1164 1522 1223 1573 597.
1272 1535 1313 1574 or.
1331 1519 1377 1575 06.

208 1582 230 1645 1,
251 1586 290 1645 12,
308 1589 352 1662 31.
371 1585 428 1640 Sat.
445 1585 482 1651 Π,
501 1590 525 1650 6,
544 1535 586 1639 sip.
605 1585 682 1641 (irat.
736 1601 796 1654 neg.
816 1587 875 1640 638.
893 1586 922 1639 66
939 1583 994 1638 6116
1010 1584 1136 1665 exempla·
1148 1585 1230 1640 buius
1249 1586 1380 1642 formulae

208 1650 621 1721 uCunmgh.inAni1nadrr.
649 1653 683 1707 66
733 1656 799 1708 6666.
824 1670 849 1773 p.
872 1656 913 1707 95.
939 1650 1062 1715 collecte,
1092 1652 1189 1723 qmbns
1212 1653 1284 1712 6666
1333 1670 1379 1710 666

209 1717 329 1772 Dietsch.
355 1719 389 1773 ad
408 1719 474 1775 Sall.
491 1721 550 1791 Iug.
572 1724 614 1784 21,
636 1725 660 1775 4.
682 1738 710 1790 p.
732 1724 788 1776 186.
813 1736 827 1774 6
865 1720 893 1773 in
913 1718 1005 1774 'l'heol
1022 1720 1104 1788 Verg.
1125 1736 1152 1788 p.
1171 1723 1214 1775 21.
1238 1721 1272 1776 66
1341 1738 1380 1776 em

208 1800 259 1838 666
282 1785 359 1839 Part.
388 1787 430 1841 ita
459 1787 589 1857 disputat.
624 1789 719 1856 Wagn.
749 1788 785 1843 ad
811 1786 878 1842 haec
906 1786 988 1840 rerba
1016 1786 1142 1840 adnotat:
1174 1787 1253 1853 „Vox
1284 1788 1380 1844 doloris

208 1851 300 1918 plena;
329 1853 472 1909 maluisset
489 1857 560 1910 enim
579 1857 638 1910 viro
656 1856 728 1923 patri
746 1855 835 1909 officia
871 1854 963 1908 iotatis
982 1853 1115 1920 exhibere,
1145 1871 1227 1924 quam
1247 1859 1379 1911 mortuo.“

208 1930 240 1959 ἐ
252 1919 296 1981 ol.
317 1921 396 1976 Hunc
413 1922 483 1977 diem
502 1924 608 1978 etiamsi
625 1923 652 1976 in
671 1923 796 1993 Syrtibus
814 1872 870 1977 aul
881 1922 908 1975 in
920 1922 1046 1991 Argolico
1064 1922 1133 1975 mari
1153 1938 1273 1993 agerem,
1291 1927 1379 1978 tamen

207 2004 296 2042 annua
313 1991 377 2044 vota
395 2007 455 2045 erse
474 2006 559 2046 uerer.
596 1991 680 2045 Diem
697 2007 786 2058 apere,
805 1993 836 2044 ut
853 1990 938 2044 vitam
956 2005 1047 2057 apere,
1066 1988 1140 2045 valet
1158 1991 1320 2061 transigere,
1337 1992 1380 2046 de-

227 2072 270 2110 ere
294 2056 373 2118 diem,
398 2060 430 2111 ut
473 2099 479 2122 ,
503 2062 560 2111 235.
601 2058 690 2126 ,itare
713 2075 815 2111 666666.
849 2057 893 2112 Sic
916 2057 996 2112 etiam
1014 2055 1102 2122 lehn„
1131 2056 1248 2123 Peerllu,
1281 2060 1380 2124 Gossr,

207 2075 347 2186 16166
382 2140 419 2186 66,
443 2124 528 2178 Couin
565 2165 580 2189 .,
629 2124 723 2178 enoist.
749 2127 777 2179 66
794 2125 827 2188 (61
845 2142 906 2180 eum
924 2127 997 2180 recte
1013 2124 1148 2194 intelligo)
1167 2125 1274 2182 Laden.
1294 2127 1380 2181 locum

208 2191 324 2259 capiunt.
383 2207 443 2258 eyn.
462 2197 491 2245 et
541 2208 602 2262 agn.
621 2195 712 2261 (quem
729 2192 756 2246 in
774 2193 861 2261 prima
878 2192 942 2247 edit.
961 2194 1063 2247 temere
1079 2195 1189 2247 secutus
1206 2198 1289 2264 sumt,
1308 2195 1382 2250 Com·

209 2260 283 2311 mate
307 2258 371 2326 post
391 2276 441 2324 opo
457 2260 553 2328 posito,
581 2276 690 2328 sperem
716 2276 776 2314 eum
794 2260 885 2315 Servio
911 2260 1047 2329 accipiunt
1072 2277 1120 2329 pro
1147 2260 1265 2331 simplici
1290 2279 1381 2326 essem,

207 2329 236 2380 et
263 2326 292 2378 in
320 2326 378 2378 toto
406 2325 466 2380 1666
496 2327 674 2382 anacoluthon
702 2327 851 2390 inveniunt,
877 2328 909 2381 ut
936 2343 982 2396 pro
1009 2344 1048 2394 66,
1079 2328 1151 2398 quod
1182 2330 1290 2400 proprie
1320 2330 1381 2384 scri·

209 2394 326 2448 bendum
338 2395 409 2449 erat:
430 2395 527 2461 „Hunc
547 2413 596 2464 ego
614 2396 701 2450 diem
718 2396 788 2449 rotis
806 2395 963 2465 pompisque
979 2411 1143 2465 exsequerer,
1161 2395 1180 2450 i.
1193 2413 1216 2452 e.
1237 2397 1382 2452 celebra·

209 2478 290 2525 rem,
309 2462 352 2518 vel
371 2462 393 2515 si
414 2493 448 2505 -·
467 2472 604 2533 agerem‘⁴‚
624 2465 754 2532 scriptum
772 2463 822 2517 sit:
841 2473 906 2517 6666
923 2470 1011 2516 tamen
1030 2471 1056 2516 66
1069 2481 1188 2533 pompas
1208 2481 1382 2546 essequam·

208 2532 237 2585 et
252 2529 349 2601 Wugn.
375 2530 483 2599 quidem
506 2532 610 2586 confert
635 2531 707 2585 infra
723 2530 785 2594 Vll,
806 2534 852 2584 611
874 2546 930 2610 sqq.
952 2530 1023 2584 Hos
1041 2533 1156 2600 (portas)
1174 2560 1187 2572 ·
1204 2561 1216 2574 -
1236 2561 1248 2573 ·
1265 2550 1326 2605 epse
1343 2562 1382 2574 ··

208 2607 314 2652 6666666
334 2599 522 2653 stridentia
543 2599 664 2653 limina
686 2599 787 2653 666661.
816 2598 869 2653 Sed
887 2598 993 2653 etiamsi
1010 2598 1066 2653 tale
1084 2598 1266 2655 anacoluthon
1284 2617 1302 2656 6
1320 2601 1382 2655 Ver·

207 2665 272 2732 gilio
290 2682 343 2718 non
361 2664 488 2735 alienum,
514 2669 604 2721 tamen
623 2682 676 2719 non
695 2665 747 2719 nisi
764 2666 924 2720 necessitate
941 2665 1083 2735 flagitante
1101 2683 1163 2721 rere
1182 2668 1217 2721 ab
1236 2685 1267 2722 66
1285 2669 1382 2723 admis-

208 2748 268 2785 sum
286 2749 345 2787 6666
363 2749 510 2790 sumamus.
546 2734 674 2789 Cetemm
690 2733 795 2789 Peerll.
814 2732 903 2797 docet,
920 2733 991 2787 bunc
1007 2733 1097 2788 locum
1113 2733 1264 2791 reddidisse
1280 2735 1383 2791 Paulli·

208 2817 273 2854 num
290 2800 378 2855 Carm.
398 2804 440 2856 23.
462 2802 547 2857 Herem
569 2820 618 2872 eqo
635 2802 662 2856 61
678 2801 784 2856 Geticis
801 2818 910 2870 sperem
926 2800 997 2855 male
1013 2801 1139 2856 6666616666
1154 2803 1249 2870 annm,
1268 2803 1345 2858 Inter
1360 2811 1383 2857 et

209 2869 323 2922 immites
344 2867 507 2925 celebrarem
537 2871 624 2926 166666
647 2871 816 2931 Alanos-
835 2868 1004 2923 Gaetulae
1026 2868 1141 2938 Syrtes
1185 2870 1202 2924 i.
1229 2887 1251 2925 6.
1277 2871 1383 2926 omnino

208 2935 337 3005 Libycae,
356 2952 420 2991 nam
441 2937 551 2993 Gaetuli
568 2939 601 2994 ab
620 2940 654 2993 iis
671 2937 828 2992 remotiores
847 2934 1011 2990 occidentem
1030 2952 1123 2991 versus
1140 2909 1310 2993 liabitarunt.
1342 2938 1382 2993 Ol.

208 3005 312 3060 adnott.
337 3005 372 3059 ad
390 3004 436 3067 IV,
460 3009 502 3060 46.
522 3010 550 3061 66
564 3010 607 3060 41.
642 3006 734 3074 Syrtes
758 3006 850 3058 autem
872 3002 900 3056 h.
918 3003 937 3059 l.
957 3020 1010 3057 non
1028 3003 1061 3058 de
1077 3004 1144 3073 ipsis
1161 3005 1246 3059 maris
1264 3006 1385 3072 sinubus,

210 3072 257 3126 sed
275 3072 308 3126 de
325 3073 432 3143 regione
444 3073 559 3142 Syrtica,
578 3074 611 3128 66
629 3073 706 3127 oraS
753 3070 814 3124 'bus
826 3070 913 3125 616166
925 3071 1116 3141 intelligendas
1132 3087 1199 3138 esse,
1218 3073 1246 3126 in
1276 3075 1384 3143 romptn

209 3142 259 3195 est.
295 3140 339 3195 Sic
357 3141 439 3195 etism
458 3140 531 3211 apud
547 3141 614 3195 Hor.
633 3139 682 3195 06.
717 3141 783 3203 ,22,
802 3142 825 3191 5.
847 3138 941 3207 Syrtes
958 3147 1099 3194 6666666666
1116 3140 1190 3209 capit
1206 3139 1260 3195 Ore
1285 3142 1335 3196 ’us
1352 3172 1385 3181 -

208 3209 315 3269 66661,
334 3208 423 3276 patria
442 3208 571 3279 domoque
591 3207 711 3262 extorris.
737 3205 777 3260 Cf.
795 3205 847 3271 ΠΙ,
864 3209 903 3261 71.
923 3206 999 3268 VIII,
1014 3210 1073 3262 326.
1093 3209 1121 3261 66
1140 3207 1246 3262 aduott.
1264 3209 1299 3263 ad
1319 3210 1384 3263 Aen.

207 3274 244 3337 11,
262 3277 319 3328 786.
339 3306 373 3315 -
389 3273 435 3337 52.
467 3279 659 3346 deprensos,
682 3275 717 3328 sb
740 3272 873 3336 hostibus,
902 3273 1025 3329 Graecis:
1049 3274 1072 3328 61
1095 3274 1277 3344 deprehensus
1304 3280 1333 3332 66
1357 3278 1383 3330 16

209 3342 366 3398 servitutem
391 3343 523 3398 abductus
547 3360 646 3407 essem;
672 3343 701 3396 in
729 3357 783 3411 qua
811 3341 864 3396 loci
887 3342 1063 3411 explicatione
1086 3358 1190 3397 mecum
1214 3344 1386 3398 consentiunt

209 3411 303 3479 Bryne,
321 3411 440 3466 Benoist.
460 3417 488 3466 et
505 3411 631 3467 Ribbeck.
655 3410 682 3464 in
700 3409 805 3478 Proleg.
825 3427 852 3478 p.
872 3412 940 3473 317,
965 3409 1028 3464 dum
1047 3410 1143 3479 Heyn,
1166 3410 1216 3465 Wa
1256 3454 1263 3465 .
1287 3414 1317 3466 et
1335 3412 1385 3466 Co-

209 3478 323 3547 nington
339 3479 430 3547 potius
449 3479 675 3548 interpretantur:
700 3478 723 3531 si
743 3477 766 3530 is
788 3475 867 3530 6166
892 3493 935 3530 me
953 3475 1173 3546 deprehenderet.
1229 3478 1262 3532 ed
1279 3478 1376 3534 dubito

209 3562 275 3598 num
295 3545 362 3599 bene
384 3546 509 3615 coniungi
552 3546 672 3600 otueriut
693 3545 721 3598 ri
741 3545 813 3598 banc
838 3544 931 3610 (61661)
953 3561 1061 3613 agerem
1079 3545 1158 3600 Gaet.
1177 3545 1319 3616 Syrtibus,
1344 3521 1388 3600 vel

209 3614 359 3682 depresseris
382 3612 500 3677 (abhoc
544 3615 576 3682 ’6)
596 3614 695 3679 Arpol.
719 3613 794 3665 66666·
815 3616 878 3672 etc,
911 3628 971 3665 cum
995 3614 1090 3667 contra
1111 3615 1175 3681 apte
1201 3613 1253 3667 sibi
1276 3630 1387 3683 respon-

210 3680 304 3732 deant:
329 3679 364 3732 Sc'
378 3681 449 3733 11666
467 3679 559 3747 (diem)
577 3699 595 3734 a
615 3697 686 3733 erem
709 3677 773 3747 (661)
796 3681 895 3732 essert
917 3681 967 3746 (16)
991 3679 1073 3734 Gaet.
1099 3680 1236 3750 spretore,
1265 3683 1309 3736 vel
1330 3683 1387 3735 de-

206 3763 350 3818 prensas
367 3747 503 3814 (captivus
519 3748 559 3813 16)
606 3766 647 3816 rp.
665 3748 808 3801 66661666.
832 3746 874 3800 Cf.
894 3750 985 3802 autem
1003 3747 1107 3802 adnott.
1126 3747 1161 3802 66
1180 3747 1243 3802 (leo.
1262 3749 1311 3813 lv,
1328 3753 1386 3805 421.

209 3845 243 3854 -
261 3813 427 3882 Arpolr'co
450 3816 550 3880 mari,
580 3817 596 3870 i.
621 3832 644 3869 e.
672 3816 794 3881 lauaem
823 3830 884 3869 nmn
908 3815 1058 3883 Arqols'ces
1087 3816 1174 3885 poetis
1201 3816 1310 3871 omnino
1339 3834 1387 3887 pro

209 3883 311 3937 Graeco
329 3881 435 3936 dicitnr.
471 3883 531 3938 Vid.
551 3884 602 3945 III,
622 3886 680 3938 283.
698 3878 746 3944 IX,
770 3885 828 3936 262.
849 3882 882 3937 61.
907 3916 936 3923 -
957 3889 988 3936 66
1004 3884 1085 3936 urbe
1100 3883 1270 3953 Mycenae.
1290 3885 1387 3954 Wagn.

210 3952 260 4016 Qu.
278 3950 332 4004 Ver
353 3992 359 4003 .
378 3950 501 4013 XXXIV,
522 3955 532 4004 1
555 3960 580 4006 66
595 3969 644 4022 pro
662 3951 714 4015 666,
741 3958 790 4004 666
836 3950 935 4004 ositum
958 3951 1051 4006 censet
1073 3952 1137 4020 (qua
1162 3951 1196 4005 66
1220 3967 1249 4005 rc
1266 3952 1388 4007 61666-

209 4020 279 4072 6666.
306 4034 323 4072 6
359 4018 464 4086 11661,
487 4023 546 4075 442.
576 4019 643 4074 llen.
661 4019 698 4083 Il,
723 4021 763 4071 36.
783 3967 838 4084 all,
868 4017 939 4087 quod
962 4018 1075 4088 probare
1097 4034 1149 4073 non
1192 4034 1291 4076 ossum.
1327 4020 1389 4075 Duo

210 4086 280 4139 enim
298 4085 417 4140 hostium
433 4103 533 4156 genera
551 4086 696 4157 distinguit
712 4088 800 4156 poeta,
825 4085 905 4139 Afros
924 4085 1101 4156 inhospitales
1121 4087 1149 4140 et
1166 4035 1293 4154 liraeeos,
1335 4087 1390 4143 666

209 4155 264 4208 iarn
283 4153 380 4224 duplex
397 4155 581 4223 praedicatum
602 4157 679 4211 66661
697 4158 725 4206 66
737 4156 885 4224 6666666666
897 4152 1014 4221 1661666;
1031 4168 1114 4223 quare
1130 4156 1203 4208 recte
1216 4153 1295 4210 dicit:
1344 4173 1390 4210 oe·

209 4223 274 4276 trels's
293 4222 420 4292 86661666
439 4223 616 4292 Argolicove
639 4223 713 4277 mari
736 4224 770 4275 et
789 4223 855 4276 croc
872 4221 913 4275 M.
949 4221 1130 4277 Consentiunt
1146 4237 1252 4276 mecum
1271 4222 1389 4289 Laden,

210 4289 304 4358 Bryce,
323 4291 475 4359 Conington
495 4295 523 4345 et
539 4292 658 4345 Benoist.
671 4320 705 4329 -
723 4290 857 4358 Mycenas
873 4292 1013 4357 tamquam
1031 4290 1251 4358 Agamemnonis,
1268 4290 1392 4346 infestis·

210 4356 271 4411 simi
289 4358 464 4412 Troianorum
483 4358 579 4422 hostis,
598 4357 688 4413 sedem
706 4357 813 4412 videtur
831 4372 1045 4411 commemorare.
1081 4357 1157 4411 ctl
1182 4360 1240 4412 284.
1272 4357 1310 4423 Π,
1331 4361 1390 4413 186.

210 4428 267 4479 331.
287 4428 352 4479 cett.
388 4426 516 4481 Cetemm
533 4444 593 4481 cum
616 4423 968 4493 666661666666611,
997 4426 1052 4479 247.
1072 4428 1129 4479 566.
1158 4399 1211 4493 llI,
1240 4428 1299 4480 293.
1330 4427 1391 4492 (VI,

210 4494 268 4546 tte.
294 4493 354 4554 Vll,
373 4496 442 4560 714.)
467 4494 528 4559 Vll,
553 4498 612 4550 697.
631 4494 706 4555 VIII,
731 4496 789 4548 231.
808 4494 859 4546 ete.
894 4491 1030 4560 Mycenae
1051 4494 1142 4547 autem
1161 4492 1232 4548 bled.
1250 4495 1278 4547 et
1295 4493 1393 4549 melio·

210 4574 270 4612 rum
286 4561 415 4614 libromm
434 4564 477 4615 est
495 4562 588 4625 leotio;
612 4562 660 4616 alii
679 4558 950 4629 61666666166666,
969 4559 1103 4629 Mycenis.
1138 4561 1180 4614 De
1197 4561 1286 4615 forma
1303 4562 1393 4616 nomi·

209 4625 253 4677 nis
271 4628 386 4696 Myrene
403 4628 533 4696 (Mycena,
552 4645 620 4699 quae
637 4628 739 4696 legitur
756 4627 839 4684 etiam
857 4626 928 4694 apud
946 4625 1042 4682 Silium
1054 4627 1077 4696 1,
1096 4630 1136 4684 26.
1155 4628 1227 4684 Stat.
1242 4628 1327 4685 lbsb.
1342 4630 1392 4696 IV,
